2678 4694
392 348 537 398 vinctu.
582 346 830 399 susinum.
907 339 910 348 '
1077 333 1165 400 stne

62 498 155 558 gustus
166 491 271 549 cdelsst.
289 491 364 541 stelle
375 491 470 542 crinita
481 506 529 556 per
539 505 596 555 sep-
634 490 720 542 drinss
730 506 809 542 neres
819 492 935 555 incurrit,
943 497 972 542 et
984 492 1166 544 relliacum

61 577 119 619 tam
140 567 198 625 tiles
217 567 354 617 continuus
375 566 457 629 fulsit,
476 569 597 618 esuriens
634 568 773 617 mlsiuess
784 568 876 631 missis,
892 566 1166 632 refragautslrustibus

62 644 136 701 circs
156 657 197 694 xr.
218 644 315 693 liorem.
350 643 534 708 eruditumque
555 651 597 694 est
634 640 724 706 fluctu,
734 658 793 693 cum
804 644 867 694 nillil
882 644 931 708 ipsi
946 645 998 695 trle
1009 642 1167 710 funerepus,

61 721 175 769 animem
195 733 252 768 esse
271 719 380 768 Caesaris
398 719 424 767 in
444 721 536 769 caelum
556 735 596 769 re-
634 727 701 778 sent,
719 720 853 771 victoriam
871 729 1026 770 consecutus
1042 727 1096 771 est:
1113 735 1166 771 me·

62 794 229 859 cepti'src„
248 794 510 857 Exponendumrcru
525 797 597 858 illud,
635 797 843 860 ritoergcrestis
853 797 967 846 remudis
1002 795 1083 846 idem.

61 869 256 930 commutari,
275 877 439 919 cmsrcrstus
458 871 491 919 alr
511 885 551 933 eo,
566 878 596 921 nt
665 876 713 921 tltlt
732 875 827 922 Arduus
846 889 932 936 agnes
953 873 1037 935 ιςω]
1069 873 1105 922 In
1121 873 1167 922 ali·

63 946 97 995 ad
118 947 188 995 illum
208 946 294 995 lucmn
313 953 403 994 mouet
422 946 597 1011 mutunus,
634 956 699 1013 quot
723 950 836 1014 antiquis
862 951 957 1012 ardeus,
981 964 1014 998 es
1041 949 1165 1013 religione

62 1030 94 1072 ut
116 1037 176 1071 cum
196 1021 255 1074 eliis
274 1022 427 1072 conciliatur
450 1023 597 1085 Suetonius,
635 1024 1066 1098 quamsuperiuscuntral'erentii
1075 1024 1166 1074 Scauri

62 1100 107 1164 qui
128 1114 172 1150 ess
190 1100 273 1162 ludus,
291 1099 384 1165 quibus
399 1100 525 1163 spparuit'
540 1099 596 1149 hnc
633 1101 788 1151 seutentiam
804 1103 939 1168 nonnullus
954 1100 1064 1150 diximus
1079 1099 1167 1150 nbssr·
1221 1147 1226 1163 ,

62 1177 210 1238 stellam
223 1175 492 1238 Caessriscdvcseri
510 1176 596 1228 Gene-
634 1192 716 1228 rasse.
750 1180 853 1231 Pionia
896 1198 898 1203 ·

62 1253 125 1302 trici
136 1252 243 1302 tradunt
254 1261 429 1305 consecratos.
452 1255 596 1303 Emmaus.
666 1253 765 1314 Insigne
775 1255 911 1319 reperim]
931 1254 1011 1307 Quasi
1022 1252 1167 1319 principale

96 1331 146 1380 682
161 1328 308 1392 Puteolis]
325 1330 534 1392 Nomecentra3
549 1329 597 1380 sed
634 1328 722 1380 tieem.
755 1329 860 1382 Servius

61 1405 153 1457 iuriis
164 1412 240 1469 parte
252 1405 326 1455 aciei.
360 1404 467 1456 Servius
588 1436 592 1444 ·
666 1412 714 1457 stit
733 1407 1040 1470 Nrsslirortrstccsmc]
1057 1405 1166 1463 ‚Sextus

101 1479 194 1542 Vens,
216 1485 241 1528 et
267 1480 306 1528 dis
336 1479 448 1544 Agripps
481 1481 599 1548 εισιαιάὺ]
634 1484 755 1548 Pompeii
777 1483 845 1533 tiliss
870 1483 896 1532 in
920 1482 1009 1532 Sicilia
1030 1470 1183 1546 piraticam

62 1554 598 1622 Agrippdicitmmaegmputnstteu,
634 1559 762 1622 exercuit,
787 1565 880 1608 contra
904 1571 980 1621 quem
1002 1557 1085 1620 prime
1107 1570 1166 1606 eum

62 1630 366 1696 quipedibususscitur.
393 1634 598 1700 Sedhicsgrr'p-
635 1635 752 1700 Agrippa
763 1635 896 1684 dimicarit
913 1633 1052 1697 Angustus.
1092 1632 1167 1682 Post·

59 1721 94 1770 pc
110 1706 239 1757 uuunder
251 1708 428 1771 clarogeuere
444 1705 525 1773 ultus,
536 1710 597 1759 viri·
634 1727 666 1762 es
678 1712 801 1778 Agrippas
819 1727 880 1762 curs
895 1710 958 1760 sista
972 1717 1028 1770 est;
1046 1709 1089 1773 qni
1106 1723 1166 1757 eum

63 1782 122 1844 bus,
134 1788 161 1831 et
172 1782 299 1831 societate
312 1782 431 1847 Augusti,
442 1783 475 1833 sd
487 1799 597 1835 summos
635 1789 746 1840 delerit:
762 1789 797 1839 nb
808 1789 878 1855 quod
894 1789 918 1838 ei
930 1787 1062 1851 Augustus
1072 1793 1167 1835 rostru-

62 1859 174 1908 honores
196 1857 324 1921 pcrvenit,
342 1871 401 1906 nam
421 1868 448 1909 et
469 1859 598 1910 Tribunus
635 1872 688 1916 tem
700 1865 774 1914 dedit
787 1878 918 1924 cornuam,
929 1863 989 1927 qnia
1006 1862 1107 1911 vicerat
1123 1875 1167 1909 nr·

63 1934 147 1998 plebis
159 1932 334 1998 quietissimus
349 1933 408 1997 fuit,
424 1942 451 1985 et
470 1942 529 1997 post
547 1943 598 1986 ter-
634 1943 686 1992 vall
698 1942 848 1992 certamine,
882 1941 956 1990 Im,

63 2010 128 2059 nuru
141 2007 286 2071 Courul‚.et
304 2009 331 2058 in
348 2010 437 2059 multis
454 2010 527 2060 bellis
538 2026 597 2062 cum
667 2017 795 2080 lisama]
817 2016 918 2066 Navelis
927 2030 1011 2064 merc
1022 2014 1102 2065 etism
1113 2014 1167 2064 Pli-

63 2087 184 2151 Angustn
211 2087 292 2150 gestis
319 2088 453 2152 victorinus
478 2087 598 2153 Angusto
634 2092 909 2143 uiumaerctcdicitur:
927 2090 1080 2156 quodqttssi
1095 2091 1166 2139 navi-

62 2178 111 2213 saa
122 2165 219 2215 virtute
230 2162 360 2225 confecit3
377 2172 475 2215 namet
489 2165 597 2216 Sextum
635 2184 678 2218 um
700 2170 790 2219 rostris
818 2169 940 2232 insignita
962 2167 1006 2216 sit.
1053 2163 1166 2215 Τιτυοῦ.

32 2256 35 2266 ¹
63 2239 220 2304 Pompeium
233 2241 301 2304 apud
323 2241 474 2313 M'plaripsc
490 2241 598 2306 devicit,
636 2249 770 2296 xxvu29.
790 2245 823 2294 de
844 2244 911 2295 bello
931 2242 1019 2292 Siculo
1035 2240 1167 2304 intelligit,

62 2322 92 2365 et
112 2316 182 2381 apud
196 2315 304 2367 Actium
318 2315 459 2366 Antonium
477 2326 505 2368 ct
524 2317 598 2367 Cleo-
635 2321 772 2386 quodcum
790 2321 851 2370 Sex.
863 2317 991 2381 Pompcju
1002 2324 1104 2380 gestum
1115 2323 1166 2366 est.

62 2399 166 2456 puttam
182 2393 268 2442 aaran
287 2393 428 2443 certamine
444 2406 527 2457 prope
543 2392 598 2457 ipsa
635 2398 780 2462 Deqnsre
799 2396 1010 2455 siePaterculus,
1028 2394 1046 2442 Ι.
1058 2405 1089 2443 ιι.
1106 2391 1167 2441 ‘In-

64 2469 206 2532 supersvit‚
218 2469 252 2518 ob
271 2469 340 2533 quud
358 2469 453 2518 meruit
463 2471 542 2519 etiam
555 2484 598 2534 gs·
634 2471 705 2536 signe
717 2472 825 2521 Cornum
837 2469 960 2529 clessicm,
973 2482 1024 2532 qne
1035 2481 1109 2516 nemo
1120 2481 1166 2517 un·

63 2558 178 2596 neresse
186 2544 311 2608 Augusto.
329 2543 510 2609 &adsurgo
520 2544 598 2607 dixit,
635 2562 712 2611 quam
730 2548 904 2604 Romanorum
922 2543 1166 2608 dunatmentbcc

63 2620 176 2684 Augusti
187 2620 405 2686 comparatione„
421 2621 490 2670 Nam
501 2621 549 2669 ltee
561 2619 598 2669 di·
635 2623 703 2672 belln
723 2623 837 2687 Agrippa
855 2621 977 2686 singulari
997 2620 1095 2670 virtuts
1115 2634 1167 2670 me·

63 2696 111 2759 cit,
122 2695 253 2760 Augustus
272 2697 496 2746 nimiovautorsm
512 2704 597 2746 etun·
634 2700 694 2750 ruit.
737 2700 824 2750 Etiam
849 2700 901 2750 Dio
929 2701 946 2750 Ι.
969 2708 1050 2748 tux.
1078 2697 1168 2760 tradit,

63 2773 162 2828 mium
190 2773 313 2823 utebatur
343 2772 439 2823 fuvere.
486 2773 597 2837 Agrippa
635 2776 780 2841 Agrippam
799 2777 961 2841 rlsAugusto
978 2789 1073 2825 cornus
1088 2773 1167 2822 duna

63 2851 181 2901 aurcis
219 2850 278 2900 Huc
299 2857 348 2913 est,
367 2850 416 2899 Ille
435 2848 525 2899 habuit
546 2851 598 2914 pri-
635 2859 690 2900 tunt
704 2866 760 2901 esse
779 2851 990 2914 postdevictnm
1008 2851 1080 2899 Sext.
1093 2849 1168 2897 Pum-

64 2942 135 2977 mum
153 2925 278 2990 favorem,
298 2928 512 2978 hiesecundum.
546 2929 598 2977 lis·
635 2926 732 2990 pejum.
764 2926 831 2975 Vide
849 2932 876 2975 et
892 2925 948 2976 Jus.
961 2923 1167 2976 Castaliumob·

63 3002 173 3071 tlrisnus·
200 3004 293 3054 scribit
319 3004 463 3067 Agrippam
494 3003 596 3053 sotium
634 3009 729 3052 serrat.
742 3003 809 3051 Dec.
821 3015 860 3051 iv.
872 3006 896 3050 1.
914 3001 1015 3051 Gelli.
1025 3005 1049 3051 tl.
1068 2998 1167 3050 tuum.

65 3085 222 3142 temprestnte
231 3087 289 3129 ertu
299 3081 395 3130 milites
406 3093 508 3142 cogere,
518 3093 597 3129 naver
667 3078 757 3126 Nomii
766 3081 870 3126 rostrata
884 3075 980 3139 romeu]
1012 3075 1114 3125 Corum
1124 3089 1168 3124 us.

63 3155 92 3204 in
114 3152 209 3205 fluctus
231 3169 333 3219 urgere,
359 3162 388 3204 ut
410 3154 597 3204 consuetudine
635 3153 699 3203 valis
723 3157 836 3202 rostrata
858 3157 899 3201 est
921 3151 1001 3215 dicta,
1024 3165 1040 3199 s
1061 3150 1166 3202 uariunt

64 3229 229 3292 discriminis,
243 3231 356 3301 ,dempto
376 3238 457 3293 metu,
476 3229 598 3281 resideret
636 3230 736 3290 rostris,
747 3236 776 3279 ct
787 3228 844 3277 lieri
855 3228 956 3278 solebat
967 3242 999 3276 ex
1012 3224 1085 3289 aure,
1096 3233 1165 3276 teste

64 3305 255 3357 ecsadrersum
264 3305 597 3371 periculssortiorerzergu
635 3307 706 3358 nell.
729 3320 756 3355 ιι.
779 3310 803 3355 s.
827 3305 952 3354 ‘Navalis
975 3303 1094 3367 (coram)
1116 3311 1167 3367 est,

63 3380 122 3445 spis
140 3380 322 3440 Μιδωστολὴν
342 3382 404 3432 saevi
423 3382 509 3445 maris,
528 3382 597 3446 qnod
636 3397 687 3446 qna
697 3382 788 3432 denari
799 3380 867 3431 solet
877 3380 1007 3430 maritimo
1020 3379 1110 3444 praelin
1121 3378 1166 3443 qui

65 3458 247 3508 exermtaticni
255 3458 379 3508 militibus
389 3459 518 3525 erathait,
533 3458 598 3509 ‘diis
636 3459 733 3523 primus
745 3458 772 3507 in
784 3458 895 3507 lrostlum
910 3471 1002 3506 usvem
1014 3464 1128 3505 mmstus
1140 3455 1166 3504 vi

64 3542 95 3584 ct
115 3534 201 3584 ventis
217 3534 344 3584 secuudir'
365 3549 421 3583 erse
441 3540 598 3598 pugnatum
636 3534 787 3584 transilivit:
805 3549 838 3582 ca
856 3533 929 3598 quasi
948 3532 1051 3582 navium
1074 3532 1165 3581 rostris

64 3619 95 3661 nt
107 3618 289 3675 tempestatem
305 3611 408 3676 quidem
422 3611 537 3676 Agrippa
547 3627 598 3661 nun
635 3611 759 3675 insignita
777 3617 832 3660 est:
850 3617 878 3659 et
895 3609 1001 3659 murslis
1020 3615 1118 3668 autem,
1138 3613 1167 3658 et

64 3687 197 3748 timuerit5
224 3687 271 3736 sed
292 3686 366 3736 favor
393 3687 493 3737 divinus
518 3688 599 3738 muria
636 3687 784 3748 cestrensis,
804 3693 832 3735 et
853 3685 951 3735 navalis
971 3685 1027 3733 fieri
1047 3698 1080 3733 es
1103 3697 1166 3732 auro

63 3766 252 3815 constraverit:
279 3780 337 3815 nrm
361 3773 388 3815 et
410 3767 467 3830 ipsa
488 3766 598 3817 Actiaca
635 3764 738 3814 solent'
762 3763 889 3828 Agrippas
900 3760 1165 3813 autemobvictnrias

64 3856 163 3906 pugna,
173 3856 232 3891 cum
244 3842 341 3906 Aquilo
350 3842 374 3891 ei
386 3852 455 3891 esset
465 3842 600 3906 sirenus,
635 3840 740 3889 usvales
752 3839 826 3889 datas
842 3854 901 3889 esse
921 3839 953 3888 ab
966 3839 1084 3903 Augusto
1095 3850 1168 3886 corn·

63 3933 97 3967 en
114 3919 250 3978 exercitio,
266 3932 316 3982 quo
332 3918 428 3969 milites
444 3918 598 3969 adsueverat
635 3930 682 3965 uss
693 3916 808 3978 navales,
820 3923 950 3977 testsutur
961 3923 989 3964 et
1005 3913 1111 3973 nummi,
1121 3912 1165 3976 qui

65 3995 200 4046 adversum
211 3993 528 4060 flnctusneressgerc‚sd
540 4012 598 4061 pnr-
635 3999 727 4043 extsut
749 3994 777 4042 in
797 3992 936 4056 Augustini
957 3991 1082 4041 Numism.
1102 3988 1166 4039 sau.

65 4079 160 4122 unse
171 4069 263 4135 sugere
274 4070 361 4122 finxit:
378 4087 459 4136 quere
470 4073 597 4123 cumbus-
636 4082 677 4120 ιι.
689 4084 716 4118 u.
727 4073 768 4120 st.
780 4076 808 4118 et
819 4073 860 4118 Pl.
885 4067 1021 4131 inquibus
1033 4066 1100 4114 alter
1111 4061 1166 4113 effi·

65 4157 106 4199 tes
126 4147 236 4212 decepti
262 4149 363 4214 insequi
388 4149 475 4199 consti
500 4156 598 4212 essem,
635 4147 704 4211 giem
714 4144 840 4210 Agrippa
855 4149 1028 4209 representat
1045 4156 1104 4193 cnm
1123 4155 1166 4211 ce·

65 4224 196 4277 centenis
206 4223 293 4275 subito
303 4223 412 4290 navigiis
420 4223 474 4276 suis
483 4223 597 4276 Alam
635 4236 700 4275 rcus
718 4221 814 4288 navus,
831 4221 937 4290 inqua,
955 4224 1052 4287 prater
1071 4223 1164 4293 rostra,
