<?xml version="1.0" encoding="UTF-8"?>
<!DOCTYPE html PUBLIC "-//W3C//DTD XHTML 1.0 Transitional//EN"
    "http://www.w3.org/TR/xhtml1/DTD/xhtml1-transitional.dtd">
<html xmlns="http://www.w3.org/1999/xhtml" xml:lang="en" lang="en">
 <head>
  <title>
</title>
<meta http-equiv="Content-Type" content="text/html;charset=utf-8" />
  <meta name='ocr-system' content='tesseract 3.04.00' />
  <meta name='ocr-capabilities' content='ocr_page ocr_carea ocr_par ocr_line ocrx_word'/>
</head>
<body>
  <div class='ocr_page' id='page_1' title='image "./pvirgiliimaroni03virggoog/pvirgiliimaroni03virggoog_0103.png"; bbox 0 0 2678 4694; ppageno 0'>
   <div class='ocr_carea' id='block_1_1' title="bbox 182 307 944 377">
    <p class='ocr_par' dir='ltr' id='par_1_1' title="bbox 182 307 944 377">
     <span class='ocr_line' id='line_1_1' title="bbox 182 307 944 377; baseline -0.021 1"><span class='ocrx_word' id='word_1_1' title='bbox 182 307 272 377; x_wconf 56' lang='grc' dir='ltr'><strong>Μ</strong></span> <span class='ocrx_word' id='word_1_2' title='bbox 536 316 645 368; x_wconf 72' lang='lat' dir='ltr'>nous</span> <span class='ocrx_word' id='word_1_3' title='bbox 667 313 869 365; x_wconf 76' lang='lat' dir='ltr'>vuaronuu</span> <span class='ocrx_word' id='word_1_4' title='bbox 893 312 944 363; x_wconf 41' lang='lat' dir='ltr'>rur</span> 
     </span>
    </p>
   </div>
   <div class='ocr_carea' id='block_1_2' title="bbox 219 452 1288 535">
    <p class='ocr_par' dir='ltr' id='par_1_2' title="bbox 219 452 1288 535">
     <span class='ocr_line' id='line_1_2' title="bbox 219 452 1288 535; baseline -0.014 -17"><span class='ocrx_word' id='word_1_5' title='bbox 219 463 395 534; x_wconf 76' lang='lat' dir='ltr'>Effstosorors]</span> <span class='ocrx_word' id='word_1_6' title='bbox 403 464 514 515; x_wconf 88' lang='lat' dir='ltr'>Veteres</span> <span class='ocrx_word' id='word_1_7' title='bbox 522 461 639 528; x_wconf 85' lang='lat' dir='ltr'>plerique</span> <span class='ocrx_word' id='word_1_8' title='bbox 647 459 716 511; x_wconf 89' lang='lat' dir='ltr'>codi-</span> <span class='ocrx_word' id='word_1_9' title='bbox 756 458 882 535; x_wconf 80' lang='lat' dir='ltr'>templum</span> <span class='ocrx_word' id='word_1_10' title='bbox 893 452 1288 519; x_wconf 80' lang='lat' dir='ltr'>moritoextrnerei,relrtibe&#39;·</span> 
     </span>
    </p>
   </div>
   <div class='ocr_carea' id='block_1_3' title="bbox 119 532 1296 4187">
    <p class='ocr_par' dir='ltr' id='par_1_3' title="bbox 119 532 1296 4187">
     <span class='ocr_line' id='line_1_3' title="bbox 186 532 1288 605; baseline -0.015 -9"><span class='ocrx_word' id='word_1_11' title='bbox 186 559 231 596; x_wconf 88' lang='lat' dir='ltr'>ces</span> <span class='ocrx_word' id='word_1_12' title='bbox 249 543 327 594; x_wconf 74' lang='lat' dir='ltr'>sorori</span> <span class='ocrx_word' id='word_1_13' title='bbox 344 546 388 605; x_wconf 77' lang='lat' dir='ltr'>us,</span> <span class='ocrx_word' id='word_1_14' title='bbox 406 554 457 591; x_wconf 88' lang='lat' dir='ltr'>oua</span> <span class='ocrx_word' id='word_1_15' title='bbox 476 540 534 604; x_wconf 87' lang='lat' dir='ltr'>plus</span> <span class='ocrx_word' id='word_1_16' title='bbox 552 538 666 588; x_wconf 83' lang='lat' dir='ltr'>dictione</span> <span class='ocrx_word' id='word_1_17' title='bbox 682 537 717 587; x_wconf 87' lang='lat' dir='ltr'>le·</span> <span class='ocrx_word' id='word_1_18' title='bbox 752 534 890 598; x_wconf 82' lang='lat' dir='ltr'>rotaviro,</span> <span class='ocrx_word' id='word_1_19' title='bbox 905 533 1002 599; x_wconf 87' lang='lat' dir='ltr'>quippe</span> <span class='ocrx_word' id='word_1_20' title='bbox 1013 539 1163 596; x_wconf 81' lang='lat' dir='ltr'>postquem</span> <span class='ocrx_word' id='word_1_21' title='bbox 1174 532 1288 596; x_wconf 83' lang='lat' dir='ltr'>unpturs</span> 
     </span>
     <span class='ocr_line' id='line_1_4' title="bbox 185 608 1288 685; baseline -0.011 -15"><span class='ocrx_word' id='word_1_22' title='bbox 185 626 266 685; x_wconf 62' lang='lat' dir='ltr'>prot:</span> <span class='ocrx_word' id='word_1_23' title='bbox 284 616 563 685; x_wconf 82' lang='lat' dir='ltr'>plseetveroverbom</span> <span class='ocrx_word' id='word_1_24' title='bbox 579 615 606 665; x_wconf 91' lang='lat' dir='ltr'>id</span> <span class='ocrx_word' id='word_1_25' title='bbox 623 614 650 664; x_wconf 90' lang='lat' dir='ltr'>in</span> <span class='ocrx_word' id='word_1_26' title='bbox 664 613 716 664; x_wconf 85' lang='lat' dir='ltr'>tine</span> <span class='ocrx_word' id='word_1_27' title='bbox 752 618 893 674; x_wconf 86' lang='lat' dir='ltr'>nonesset,</span> <span class='ocrx_word' id='word_1_28' title='bbox 911 610 945 661; x_wconf 84' lang='lat' dir='ltr'>ed</span> <span class='ocrx_word' id='word_1_29' title='bbox 962 608 1152 660; x_wconf 75' lang='lat' dir='ltr'>conciliandam</span> <span class='ocrx_word' id='word_1_30' title='bbox 1163 620 1288 670; x_wconf 77' lang='lat' dir='ltr'>smoren,</span> 
     </span>
     <span class='ocr_line' id='line_1_5' title="bbox 184 681 1289 746; baseline -0.011 0"><span class='ocrx_word' id='word_1_31' title='bbox 184 695 350 746; x_wconf 72' lang='lat' dir='ltr'>narrationis.</span> <span class='ocrx_word' id='word_1_32' title='bbox 383 693 488 744; x_wconf 76' lang='lat' dir='ltr'>Pierias.</span> <span class='ocrx_word' id='word_1_33' title='bbox 752 687 839 739; x_wconf 84' lang='lat' dir='ltr'>officia</span> <span class='ocrx_word' id='word_1_34' title='bbox 860 688 924 738; x_wconf 87' lang='lat' dir='ltr'>ritus</span> <span class='ocrx_word' id='word_1_35' title='bbox 945 685 1070 736; x_wconf 71' lang='lat' dir='ltr'>mentulis</span> <span class='ocrx_word' id='word_1_36' title='bbox 1090 681 1232 746; x_wconf 71' lang='lat' dir='ltr'>adfinem,</span> <span class='ocrx_word' id='word_1_37' title='bbox 1257 690 1289 734; x_wconf 88' lang='lat' dir='ltr'>ut</span> 
     </span>
     <span class='ocr_line' id='line_1_6' title="bbox 215 760 1289 841; baseline -0.014 -17"><span class='ocrx_word' id='word_1_38' title='bbox 215 777 265 824; x_wconf 70' lang='lat'>⁴68</span> <span class='ocrx_word' id='word_1_39' title='bbox 284 772 398 836; x_wconf 60' lang='lat' dir='ltr'>&amp;mgis</span> <span class='ocrx_word' id='word_1_40' title='bbox 417 767 522 833; x_wconf 75' lang='lat' dir='ltr'>mtipss]</span> <span class='ocrx_word' id='word_1_41' title='bbox 543 767 598 816; x_wconf 78' lang='lat' dir='ltr'>Aut</span> <span class='ocrx_word' id='word_1_42' title='bbox 615 767 716 832; x_wconf 86' lang='lat' dir='ltr'>prioris,</span> <span class='ocrx_word' id='word_1_43' title='bbox 752 778 849 815; x_wconf 84' lang='lat' dir='ltr'>morem</span> <span class='ocrx_word' id='word_1_44' title='bbox 861 764 1153 832; x_wconf 81' lang='lat' dir='ltr'>ipstanrnretusorssnr</span> <span class='ocrx_word' id='word_1_45' title='bbox 1170 774 1234 835; x_wconf 78' lang='lat' dir='ltr'>nrm</span> <span class='ocrx_word' id='word_1_46' title='bbox 1249 760 1289 841; x_wconf 77' lang='lat' dir='ltr'>alt</span> 
     </span>
     <span class='ocr_line' id='line_1_7' title="bbox 184 834 1288 910; baseline -0.012 -12"><span class='ocrx_word' id='word_1_47' title='bbox 184 848 319 900; x_wconf 76' lang='lat' dir='ltr'><strong>antelmi.</strong></span> <span class='ocrx_word' id='word_1_48' title='bbox 331 845 715 910; x_wconf 78' lang='lat' dir='ltr'>Lircillns‚‘Concilioaotiqno</span> <span class='ocrx_word' id='word_1_49' title='bbox 751 847 820 905; x_wconf 88' lang='lat' dir='ltr'>post,</span> <span class='ocrx_word' id='word_1_50' title='bbox 835 854 894 890; x_wconf 89' lang='lat' dir='ltr'>cum</span> <span class='ocrx_word' id='word_1_51' title='bbox 914 838 940 887; x_wconf 88' lang='lat' dir='ltr'>ln</span> <span class='ocrx_word' id='word_1_52' title='bbox 957 835 1111 903; x_wconf 72' lang='lat' dir='ltr'>poenitentis</span> <span class='ocrx_word' id='word_1_53' title='bbox 1126 834 1288 886; x_wconf 82' lang='lat' dir='ltr'>induritnrr</span> 
     </span>
     <span class='ocr_line' id='line_1_8' title="bbox 183 910 1289 990; baseline -0.007 -16"><span class='ocrx_word' id='word_1_54' title='bbox 183 925 286 990; x_wconf 71' lang='lat' dir='ltr'>sepiens</span> <span class='ocrx_word' id='word_1_55' title='bbox 305 925 344 974; x_wconf 84' lang='lat' dir='ltr'>sir</span> <span class='ocrx_word' id='word_1_56' title='bbox 360 924 429 974; x_wconf 86' lang='lat' dir='ltr'>solus</span> <span class='ocrx_word' id='word_1_57' title='bbox 442 921 514 971; x_wconf 81' lang='lat' dir='ltr'>inisti</span> <span class='ocrx_word' id='word_1_58' title='bbox 524 922 539 972; x_wconf 87' lang='lat'>:&#39;</span> <span class='ocrx_word' id='word_1_59' title='bbox 555 921 665 984; x_wconf 68' lang='lat' dir='ltr'>sotim</span> <span class='ocrx_word' id='word_1_60' title='bbox 675 935 715 970; x_wconf 87' lang='lat' dir='ltr'>er·</span> <span class='ocrx_word' id='word_1_61' title='bbox 751 915 853 966; x_wconf 67' lang='lat' dir='ltr'>Poeta:</span> <span class='ocrx_word' id='word_1_62' title='bbox 880 915 959 965; x_wconf 85' lang='lat' dir='ltr'>‘Non</span> <span class='ocrx_word' id='word_1_63' title='bbox 983 920 1087 964; x_wconf 83' lang='lat' dir='ltr'>servata</span> <span class='ocrx_word' id='word_1_64' title='bbox 1113 910 1180 963; x_wconf 84' lang='lat' dir='ltr'>tides</span> <span class='ocrx_word' id='word_1_65' title='bbox 1204 912 1289 963; x_wconf 76' lang='lat' dir='ltr'>cineri</span> 
     </span>
     <span class='ocr_line' id='line_1_9' title="bbox 119 986 1294 1065; baseline -0.003 -16"><span class='ocrx_word' id='word_1_66' title='bbox 119 1006 122 1012; x_wconf 88' lang='lat'>&#39;</span> <span class='ocrx_word' id='word_1_67' title='bbox 185 1014 219 1065; x_wconf 73' lang='lat' dir='ltr'>go</span> <span class='ocrx_word' id='word_1_68' title='bbox 229 1005 278 1063; x_wconf 90' lang='lat' dir='ltr'>est,</span> <span class='ocrx_word' id='word_1_69' title='bbox 297 1000 342 1064; x_wconf 87' lang='lat' dir='ltr'>qui</span> <span class='ocrx_word' id='word_1_70' title='bbox 353 997 481 1062; x_wconf 86' lang='lat' dir='ltr'>praecedit</span> <span class='ocrx_word' id='word_1_71' title='bbox 499 1010 567 1059; x_wconf 87' lang='lat' dir='ltr'>eum,</span> <span class='ocrx_word' id='word_1_72' title='bbox 587 996 631 1061; x_wconf 90' lang='lat' dir='ltr'>qui</span> <span class='ocrx_word' id='word_1_73' title='bbox 647 1010 714 1060; x_wconf 73' lang='lat' dir='ltr'>pra·</span> <span class='ocrx_word' id='word_1_74' title='bbox 751 988 1005 1056; x_wconf 58' lang='lat' dir='ltr'>promisuSichth</span> <span class='ocrx_word' id='word_1_75' title='bbox 1037 988 1074 1040; x_wconf 72' lang='lat' dir='ltr'>Hi</span> <span class='ocrx_word' id='word_1_76' title='bbox 1091 994 1180 1039; x_wconf 67' lang='lat' dir='ltr'>mm</span> <span class='ocrx_word' id='word_1_77' title='bbox 1196 986 1294 1055; x_wconf 57' lang='lat' dir='ltr'>quid&amp;</span> 
     </span>
     <span class='ocr_line' id='line_1_10' title="bbox 186 1060 1290 1135; baseline -0.01 -8"><span class='ocrx_word' id='word_1_78' title='bbox 186 1082 303 1128; x_wconf 73' lang='lat' dir='ltr'>senam.</span> <span class='ocrx_word' id='word_1_79' title='bbox 335 1075 439 1125; x_wconf 75' lang='lat' dir='ltr'>Seruius.</span> <span class='ocrx_word' id='word_1_80' title='bbox 751 1066 848 1130; x_wconf 82' lang='lat' dir='ltr'>nuptiis</span> <span class='ocrx_word' id='word_1_81' title='bbox 870 1065 1003 1130; x_wconf 85' lang='lat' dir='ltr'>scripsisse</span> <span class='ocrx_word' id='word_1_82' title='bbox 1025 1060 1157 1129; x_wconf 87' lang='lat' dir='ltr'>dicuntur,</span> <span class='ocrx_word' id='word_1_83' title='bbox 1180 1062 1290 1135; x_wconf 62' lang='lat' dir='ltr'>ltpdnl</span> 
     </span>
     <span class='ocr_line' id='line_1_11' title="bbox 215 1134 1296 1212; baseline 0.001 -22"><span class='ocrx_word' id='word_1_84' title='bbox 215 1153 277 1202; x_wconf 66' lang='grc' dir='ltr'><em>Μ</em></span> <span class='ocrx_word' id='word_1_85' title='bbox 294 1151 321 1199; x_wconf 61' lang='grc' dir='ltr'>ε,</span> <span class='ocrx_word' id='word_1_86' title='bbox 337 1151 408 1199; x_wconf 59' lang='grc' dir='ltr'>ηοω</span> <span class='ocrx_word' id='word_1_87' title='bbox 427 1151 456 1199; x_wconf 66' lang='lat'>(12</span> <span class='ocrx_word' id='word_1_88' title='bbox 472 1163 587 1199; x_wconf 65' lang='lat' dir='ltr'>„mm</span> <span class='ocrx_word' id='word_1_89' title='bbox 603 1150 714 1212; x_wconf 61' lang='lat' dir='ltr'>templo„</span> <span class='ocrx_word' id='word_1_90' title='bbox 751 1154 810 1191; x_wconf 86' lang='lat' dir='ltr'>cnm</span> <span class='ocrx_word' id='word_1_91' title='bbox 821 1155 888 1190; x_wconf 83' lang='lat' dir='ltr'>nove</span> <span class='ocrx_word' id='word_1_92' title='bbox 898 1146 980 1205; x_wconf 70' lang='lat' dir='ltr'>nupto</span> <span class='ocrx_word' id='word_1_93' title='bbox 990 1140 1016 1191; x_wconf 87' lang='lat' dir='ltr'>in</span> <span class='ocrx_word' id='word_1_94' title='bbox 1027 1140 1131 1191; x_wconf 84' lang='lat' dir='ltr'>domurn</span> <span class='ocrx_word' id='word_1_95' title='bbox 1141 1139 1231 1191; x_wconf 85' lang='lat' dir='ltr'>mariti</span> <span class='ocrx_word' id='word_1_96' title='bbox 1243 1134 1296 1191; x_wconf 82' lang='lat' dir='ltr'>ds-¹</span> 
     </span>
     <span class='ocr_line' id='line_1_12' title="bbox 184 1216 1288 1293; baseline -0.006 -18"><span class='ocrx_word' id='word_1_97' title='bbox 184 1227 299 1290; x_wconf 57' lang='grc' dir='ltr'>ΜΨ</span> <span class='ocrx_word' id='word_1_98' title='bbox 319 1226 422 1290; x_wconf 69' lang='lat' dir='ltr'>astion]</span> <span class='ocrx_word' id='word_1_99' title='bbox 449 1225 557 1287; x_wconf 87' lang='lat' dir='ltr'>Nonius,</span> <span class='ocrx_word' id='word_1_100' title='bbox 585 1222 715 1290; x_wconf 83' lang='lat' dir='ltr'>Gifrnius,</span> <span class='ocrx_word' id='word_1_101' title='bbox 752 1216 829 1280; x_wconf 88' lang='lat' dir='ltr'>citur,</span> <span class='ocrx_word' id='word_1_102' title='bbox 850 1216 932 1267; x_wconf 88' lang='lat' dir='ltr'>solere</span> <span class='ocrx_word' id='word_1_103' title='bbox 954 1224 1043 1281; x_wconf 84' lang='lat' dir='ltr'>postes</span> <span class='ocrx_word' id='word_1_104' title='bbox 1062 1217 1177 1293; x_wconf 74' lang='lat' dir='ltr'>unguine</span> <span class='ocrx_word' id='word_1_105' title='bbox 1195 1216 1288 1283; x_wconf 84' lang='lat' dir='ltr'>lnplno</span> 
     </span>
     <span class='ocr_line' id='line_1_13' title="bbox 182 1293 1291 1368; baseline -0.005 -16"><span class='ocrx_word' id='word_1_106' title='bbox 182 1302 287 1367; x_wconf 68' lang='lat' dir='ltr'>aliique,</span> <span class='ocrx_word' id='word_1_107' title='bbox 301 1303 422 1368; x_wconf 79' lang='lat' dir='ltr'>i&#39;essplsos</span> <span class='ocrx_word' id='word_1_108' title='bbox 438 1300 481 1352; x_wconf 88' lang='lat' dir='ltr'>bic</span> <span class='ocrx_word' id='word_1_109' title='bbox 496 1301 659 1365; x_wconf 76' lang='lat' dir='ltr'><strong>sepulchrum</strong></span> <span class='ocrx_word' id='word_1_110' title='bbox 677 1301 714 1350; x_wconf 89' lang='lat' dir='ltr'>iu·</span> <span class='ocrx_word' id='word_1_111' title='bbox 751 1293 865 1358; x_wconf 76' lang='lat' dir='ltr'><strong>obliniri,</strong></span> <span class='ocrx_word' id='word_1_112' title='bbox 883 1295 953 1362; x_wconf 88' lang='lat' dir='ltr'>quod</span> <span class='ocrx_word' id='word_1_113' title='bbox 972 1295 1048 1360; x_wconf 83' lang='lat' dir='ltr'>hujus</span> <span class='ocrx_word' id='word_1_114' title='bbox 1064 1294 1127 1347; x_wconf 84' lang='lat' dir='ltr'>ferre</span> <span class='ocrx_word' id='word_1_115' title='bbox 1142 1302 1171 1347; x_wconf 83' lang='lat' dir='ltr'>ct</span> <span class='ocrx_word' id='word_1_116' title='bbox 1182 1302 1291 1363; x_wconf 66' lang='lat' dir='ltr'>unm</span> 
     </span>
     <span class='ocr_line' id='line_1_14' title="bbox 183 1373 1288 1441; baseline 0.002 -16"><span class='ocrx_word' id='word_1_117' title='bbox 183 1382 378 1441; x_wconf 85' lang='lat' dir='ltr'>terpretantur:</span> <span class='ocrx_word' id='word_1_118' title='bbox 394 1391 455 1427; x_wconf 87' lang='lat' dir='ltr'>eum</span> <span class='ocrx_word' id='word_1_119' title='bbox 472 1383 573 1427; x_wconf 82' lang='lat' dir='ltr'>veteres</span> <span class='ocrx_word' id='word_1_120' title='bbox 594 1377 715 1441; x_wconf 66' lang='lat' dir='ltr'>Templum</span> <span class='ocrx_word' id='word_1_121' title='bbox 751 1378 779 1422; x_wconf 89' lang='lat' dir='ltr'>et</span> <span class='ocrx_word' id='word_1_122' title='bbox 787 1373 904 1423; x_wconf 85' lang='lat' dir='ltr'>membra</span> <span class='ocrx_word' id='word_1_123' title='bbox 913 1374 1000 1425; x_wconf 84' lang='lat' dir='ltr'>multis</span> <span class='ocrx_word' id='word_1_124' title='bbox 1008 1373 1087 1425; x_wconf 89' lang='lat' dir='ltr'>rebus</span> <span class='ocrx_word' id='word_1_125' title='bbox 1096 1374 1288 1427; x_wconf 83' lang='lat' dir='ltr'>remediusnst.</span> 
     </span>
     <span class='ocr_line' id='line_1_15' title="bbox 184 1449 1286 1519; baseline 0.001 -17"><span class='ocrx_word' id='word_1_126' title='bbox 184 1467 234 1517; x_wconf 89' lang='lat' dir='ltr'>pro</span> <span class='ocrx_word' id='word_1_127' title='bbox 254 1453 343 1517; x_wconf 79' lang='lat' dir='ltr'>quovis</span> <span class='ocrx_word' id='word_1_128' title='bbox 364 1452 422 1503; x_wconf 89' lang='lat' dir='ltr'>loco</span> <span class='ocrx_word' id='word_1_129' title='bbox 443 1453 586 1519; x_wconf 75' lang='lat' dir='ltr'>posuerint,</span> <span class='ocrx_word' id='word_1_130' title='bbox 608 1459 714 1503; x_wconf 87' lang='lat' dir='ltr'>auctore</span> <span class='ocrx_word' id='word_1_131' title='bbox 751 1449 804 1498; x_wconf 81' lang='lat' dir='ltr'>Alii</span> <span class='ocrx_word' id='word_1_132' title='bbox 823 1450 871 1499; x_wconf 85' lang='lat' dir='ltr'>boe</span> <span class='ocrx_word' id='word_1_133' title='bbox 890 1451 993 1501; x_wconf 84' lang='lat' dir='ltr'>Romuli</span> <span class='ocrx_word' id='word_1_134' title='bbox 1011 1449 1103 1501; x_wconf 82' lang='lat' dir='ltr'>dicunt</span> <span class='ocrx_word' id='word_1_135' title='bbox 1123 1450 1286 1516; x_wconf 79' lang='lat' dir='ltr'>temporibus</span> 
     </span>
     <span class='ocr_line' id='line_1_16' title="bbox 182 1524 1288 1599; baseline 0 -22"><span class='ocrx_word' id='word_1_136' title='bbox 182 1529 319 1578; x_wconf 72' lang='lat' dir='ltr'>Varronec</span> <span class='ocrx_word' id='word_1_137' title='bbox 337 1528 407 1593; x_wconf 87' lang='lat' dir='ltr'>qnod</span> <span class='ocrx_word' id='word_1_138' title='bbox 422 1528 586 1593; x_wconf 76' lang='lat' dir='ltr'>sepulchrum</span> <span class='ocrx_word' id='word_1_139' title='bbox 603 1529 657 1578; x_wconf 88' lang='lat' dir='ltr'>sive</span> <span class='ocrx_word' id='word_1_140' title='bbox 674 1543 716 1578; x_wconf 86' lang='lat' dir='ltr'>ee·</span> <span class='ocrx_word' id='word_1_141' title='bbox 752 1524 908 1589; x_wconf 77' lang='lat' dir='ltr'>institutum,</span> <span class='ocrx_word' id='word_1_142' title='bbox 924 1525 992 1591; x_wconf 87' lang='lat' dir='ltr'>qnod</span> <span class='ocrx_word' id='word_1_143' title='bbox 1010 1526 1137 1599; x_wconf 71' lang='lat' dir='ltr'>Romulus</span> <span class='ocrx_word' id='word_1_144' title='bbox 1152 1526 1288 1578; x_wconf 78' lang='lat' dir='ltr'>etilernss</span> 
     </span>
     <span class='ocr_line' id='line_1_17' title="bbox 184 1600 1289 1670; baseline 0.001 -16"><span class='ocrx_word' id='word_1_145' title='bbox 184 1604 716 1670; x_wconf 81' lang='lat' dir='ltr'>notspluiumpriorisnraritiDidorelleri-</span> <span class='ocrx_word' id='word_1_146' title='bbox 752 1600 841 1666; x_wconf 88' lang='lat' dir='ltr'>lupino</span> <span class='ocrx_word' id='word_1_147' title='bbox 864 1603 934 1653; x_wconf 81' lang='lat' dir='ltr'>lacte</span> <span class='ocrx_word' id='word_1_148' title='bbox 959 1603 1051 1654; x_wconf 88' lang='lat' dir='ltr'>nutriti</span> <span class='ocrx_word' id='word_1_149' title='bbox 1078 1609 1149 1654; x_wconf 90' lang='lat' dir='ltr'>sunt.</span> <span class='ocrx_word' id='word_1_150' title='bbox 1182 1602 1289 1655; x_wconf 75' lang='lat' dir='ltr'>Dicitur</span> 
     </span>
     <span class='ocr_line' id='line_1_18' title="bbox 182 1679 1289 1746; baseline 0.002 -16"><span class='ocrx_word' id='word_1_151' title='bbox 182 1680 317 1740; x_wconf 56' lang='lat' dir='ltr'>bessam</span> <span class='ocrx_word' id='word_1_152' title='bbox 328 1679 356 1730; x_wconf 90' lang='lat' dir='ltr'>id</span> <span class='ocrx_word' id='word_1_153' title='bbox 367 1688 417 1743; x_wconf 90' lang='lat' dir='ltr'>est,</span> <span class='ocrx_word' id='word_1_154' title='bbox 427 1679 577 1743; x_wconf 68' lang='lat' dir='ltr'>respuerim</span> <span class='ocrx_word' id='word_1_155' title='bbox 596 1682 675 1746; x_wconf 73' lang='lat' dir='ltr'>(que,</span> <span class='ocrx_word' id='word_1_156' title='bbox 686 1687 717 1730; x_wconf 90' lang='lat' dir='ltr'>ut</span> <span class='ocrx_word' id='word_1_157' title='bbox 752 1679 831 1728; x_wconf 84' lang='lat' dir='ltr'>etiarn</span> <span class='ocrx_word' id='word_1_158' title='bbox 853 1679 954 1744; x_wconf 83' lang='lat' dir='ltr'>Lupam</span> <span class='ocrx_word' id='word_1_159' title='bbox 973 1681 1001 1731; x_wconf 87' lang='lat' dir='ltr'>in</span> <span class='ocrx_word' id='word_1_160' title='bbox 1022 1680 1132 1732; x_wconf 87' lang='lat' dir='ltr'>concilio</span> <span class='ocrx_word' id='word_1_161' title='bbox 1148 1681 1289 1745; x_wconf 72' lang='lat' dir='ltr'>mulum</span> 
     </span>
     <span class='ocr_line' id='line_1_19' title="bbox 183 1755 1288 1825; baseline 0.002 -18"><span class='ocrx_word' id='word_1_162' title='bbox 183 1757 301 1808; x_wconf 79' lang='lat' dir='ltr'>Nunnius</span> <span class='ocrx_word' id='word_1_163' title='bbox 320 1758 433 1807; x_wconf 82' lang='lat' dir='ltr'>Miscell.</span> <span class='ocrx_word' id='word_1_164' title='bbox 450 1758 467 1807; x_wconf 89' lang='lat' dir='ltr'>l.</span> <span class='ocrx_word' id='word_1_165' title='bbox 483 1771 533 1808; x_wconf 87' lang='lat' dir='ltr'>vn.</span> <span class='ocrx_word' id='word_1_166' title='bbox 551 1757 638 1820; x_wconf 86' lang='lat' dir='ltr'>docet,</span> <span class='ocrx_word' id='word_1_167' title='bbox 659 1759 717 1807; x_wconf 80' lang='lat' dir='ltr'>lons</span> <span class='ocrx_word' id='word_1_168' title='bbox 752 1755 869 1819; x_wconf 74' lang='lat' dir='ltr'>ejusdrrn</span> <span class='ocrx_word' id='word_1_169' title='bbox 890 1756 992 1819; x_wconf 76' lang='lat' dir='ltr'>generis</span> <span class='ocrx_word' id='word_1_170' title='bbox 1011 1756 1104 1807; x_wconf 84' lang='lat' dir='ltr'>sociari</span> <span class='ocrx_word' id='word_1_171' title='bbox 1122 1757 1231 1825; x_wconf 73' lang='lat' dir='ltr'>marito,</span> <span class='ocrx_word' id='word_1_172' title='bbox 1249 1764 1288 1809; x_wconf 79' lang='lat' dir='ltr'>nt·</span> 
     </span>
     <span class='ocr_line' id='line_1_20' title="bbox 181 1830 1289 1900; baseline 0.001 -19"><span class='ocrx_word' id='word_1_173' title='bbox 181 1839 241 1882; x_wconf 84' lang='lat' dir='ltr'>erat</span> <span class='ocrx_word' id='word_1_174' title='bbox 262 1847 333 1883; x_wconf 82' lang='lat' dir='ltr'>retno</span> <span class='ocrx_word' id='word_1_175' title='bbox 353 1834 551 1897; x_wconf 82' lang='lat' dir='ltr'>circumvoluts,</span> <span class='ocrx_word' id='word_1_176' title='bbox 580 1848 632 1898; x_wconf 82' lang='lat' dir='ltr'>qua</span> <span class='ocrx_word' id='word_1_177' title='bbox 652 1833 716 1883; x_wconf 90' lang='lat' dir='ltr'>deos</span> <span class='ocrx_word' id='word_1_178' title='bbox 752 1845 813 1895; x_wconf 85' lang='lat' dir='ltr'>que,</span> <span class='ocrx_word' id='word_1_179' title='bbox 824 1831 915 1881; x_wconf 84' lang='lat' dir='ltr'>amisso</span> <span class='ocrx_word' id='word_1_180' title='bbox 927 1845 967 1895; x_wconf 89' lang='lat' dir='ltr'>eo,</span> <span class='ocrx_word' id='word_1_181' title='bbox 977 1830 1041 1881; x_wconf 88' lang='lat' dir='ltr'>nulli</span> <span class='ocrx_word' id='word_1_182' title='bbox 1050 1830 1125 1882; x_wconf 85' lang='lat' dir='ltr'>alleri</span> <span class='ocrx_word' id='word_1_183' title='bbox 1134 1839 1196 1897; x_wconf 88' lang='lat' dir='ltr'>post</span> <span class='ocrx_word' id='word_1_184' title='bbox 1199 1832 1289 1900; x_wconf 68' lang='lat' dir='ltr'>jungi,</span> 
     </span>
     <span class='ocr_line' id='line_1_21' title="bbox 183 1906 1289 1975; baseline 0.003 -18"><span class='ocrx_word' id='word_1_185' title='bbox 183 1908 235 1958; x_wconf 86' lang='lat' dir='ltr'>coli</span> <span class='ocrx_word' id='word_1_186' title='bbox 246 1923 300 1960; x_wconf 86' lang='lat' dir='ltr'>mos</span> <span class='ocrx_word' id='word_1_187' title='bbox 310 1910 379 1974; x_wconf 80' lang='lat' dir='ltr'>erat)</span> <span class='ocrx_word' id='word_1_188' title='bbox 389 1911 503 1975; x_wconf 86' lang='lat' dir='ltr'>itemque</span> <span class='ocrx_word' id='word_1_189' title='bbox 512 1909 647 1959; x_wconf 77' lang='lat' dir='ltr'>frondibus</span> <span class='ocrx_word' id='word_1_190' title='bbox 656 1923 715 1975; x_wconf 77' lang='lat' dir='ltr'>qna·</span> <span class='ocrx_word' id='word_1_191' title='bbox 752 1907 822 1972; x_wconf 82' lang='lat' dir='ltr'>quod</span> <span class='ocrx_word' id='word_1_192' title='bbox 842 1908 899 1972; x_wconf 87' lang='lat' dir='ltr'>ipse</span> <span class='ocrx_word' id='word_1_193' title='bbox 920 1906 1042 1971; x_wconf 83' lang='lat' dir='ltr'>subjecit,</span> <span class='ocrx_word' id='word_1_194' title='bbox 1060 1909 1212 1973; x_wconf 80' lang='lat' dir='ltr'>‘expertem</span> <span class='ocrx_word' id='word_1_195' title='bbox 1232 1909 1289 1961; x_wconf 84' lang='lat' dir='ltr'>sins</span> 
     </span>
     <span class='ocr_line' id='line_1_22' title="bbox 180 1983 1288 2051; baseline 0.005 -18"><span class='ocrx_word' id='word_1_196' title='bbox 180 1983 203 2033; x_wconf 92' lang='lat' dir='ltr'>si</span> <span class='ocrx_word' id='word_1_197' title='bbox 214 1984 439 2036; x_wconf 84' lang='lat' dir='ltr'>circumvestierit.</span> <span class='ocrx_word' id='word_1_198' title='bbox 473 1985 570 2037; x_wconf 76' lang='lat' dir='ltr'>caeteri</span> <span class='ocrx_word' id='word_1_199' title='bbox 580 1984 716 2035; x_wconf 77' lang='lat' dir='ltr'>aediculam</span> <span class='ocrx_word' id='word_1_200' title='bbox 752 1983 861 2034; x_wconf 87' lang='lat' dir='ltr'>crimine</span> <span class='ocrx_word' id='word_1_201' title='bbox 872 1985 953 2034; x_wconf 83' lang='lat' dir='ltr'>vitam</span> <span class='ocrx_word' id='word_1_202' title='bbox 964 1986 1071 2049; x_wconf 77' lang='lat' dir='ltr'>Degere</span> <span class='ocrx_word' id='word_1_203' title='bbox 1081 1999 1154 2036; x_wconf 85' lang='lat' dir='ltr'>more</span> <span class='ocrx_word' id='word_1_204' title='bbox 1164 1984 1247 2051; x_wconf 64' lang='lat' dir='ltr'>ferse,¹</span> <span class='ocrx_word' id='word_1_205' title='bbox 1259 1984 1288 2038; x_wconf 78' lang='lat' dir='ltr'>ld</span> 
     </span>
     <span class='ocr_line' id='line_1_23' title="bbox 181 2059 1287 2126; baseline 0.003 -16"><span class='ocrx_word' id='word_1_206' title='bbox 181 2073 283 2111; x_wconf 76' lang='lat' dir='ltr'>ssorum</span> <span class='ocrx_word' id='word_1_207' title='bbox 293 2061 482 2113; x_wconf 76' lang='lat' dir='ltr'>usesaeelluro</span> <span class='ocrx_word' id='word_1_208' title='bbox 497 2063 714 2126; x_wconf 71' lang='lat' dir='ltr'>interpretantur.</span> <span class='ocrx_word' id='word_1_209' title='bbox 752 2066 802 2122; x_wconf 89' lang='lat' dir='ltr'>est,</span> <span class='ocrx_word' id='word_1_210' title='bbox 812 2060 902 2125; x_wconf 71' lang='lat' dir='ltr'>lupae.</span> <span class='ocrx_word' id='word_1_211' title='bbox 936 2060 1003 2110; x_wconf 78' lang='lat' dir='ltr'>Hec</span> <span class='ocrx_word' id='word_1_212' title='bbox 1025 2074 1086 2124; x_wconf 69' lang='lat' dir='ltr'>ergo</span> <span class='ocrx_word' id='word_1_213' title='bbox 1104 2059 1165 2111; x_wconf 88' lang='lat' dir='ltr'>ideo</span> <span class='ocrx_word' id='word_1_214' title='bbox 1185 2074 1287 2115; x_wconf 76' lang='lat' dir='ltr'>anese</span> 
     </span>
     <span class='ocr_line' id='line_1_24' title="bbox 183 2134 1289 2201; baseline 0.002 -14"><span class='ocrx_word' id='word_1_215' title='bbox 183 2137 297 2189; x_wconf 76' lang='lat' dir='ltr'>&#39;lits-urb.</span> <span class='ocrx_word' id='word_1_216' title='bbox 316 2151 388 2189; x_wconf 82' lang='lat' dir='ltr'>snt.</span> <span class='ocrx_word' id='word_1_217' title='bbox 401 2143 440 2188; x_wconf 70' lang='lat'>12.</span> <span class='ocrx_word' id='word_1_218' title='bbox 452 2144 479 2187; x_wconf 90' lang='lat' dir='ltr'>et</span> <span class='ocrx_word' id='word_1_219' title='bbox 492 2150 572 2187; x_wconf 78' lang='lat' dir='ltr'>xxiv.</span> <span class='ocrx_word' id='word_1_220' title='bbox 582 2141 624 2188; x_wconf 75' lang='lat'>26.</span> <span class='ocrx_word' id='word_1_221' title='bbox 649 2138 715 2188; x_wconf 84' lang='lat' dir='ltr'>Cen·</span> <span class='ocrx_word' id='word_1_222' title='bbox 752 2135 839 2199; x_wconf 87' lang='lat' dir='ltr'>nuptis</span> <span class='ocrx_word' id='word_1_223' title='bbox 849 2134 955 2198; x_wconf 74' lang='lat' dir='ltr'>fiebunt,</span> <span class='ocrx_word' id='word_1_224' title='bbox 971 2140 1002 2185; x_wconf 88' lang='lat' dir='ltr'>ut</span> <span class='ocrx_word' id='word_1_225' title='bbox 1012 2134 1092 2187; x_wconf 83' lang='lat' dir='ltr'>sciret</span> <span class='ocrx_word' id='word_1_226' title='bbox 1105 2136 1193 2201; x_wconf 77' lang='lat' dir='ltr'>puella</span> <span class='ocrx_word' id='word_1_227' title='bbox 1202 2150 1233 2189; x_wconf 85' lang='lat' dir='ltr'>se</span> <span class='ocrx_word' id='word_1_228' title='bbox 1244 2136 1289 2189; x_wconf 85' lang='lat' dir='ltr'>do·</span> 
     </span>
     <span class='ocr_line' id='line_1_25' title="bbox 181 2211 1288 2281; baseline 0.003 -18"><span class='ocrx_word' id='word_1_229' title='bbox 181 2225 235 2278; x_wconf 82' lang='lat' dir='ltr'>seo,</span> <span class='ocrx_word' id='word_1_230' title='bbox 254 2213 348 2281; x_wconf 85' lang='lat' dir='ltr'>inquit,</span> <span class='ocrx_word' id='word_1_231' title='bbox 368 2215 502 2265; x_wconf 83' lang='lat' dir='ltr'>Maronem</span> <span class='ocrx_word' id='word_1_232' title='bbox 522 2215 564 2263; x_wconf 88' lang='lat' dir='ltr'>hic</span> <span class='ocrx_word' id='word_1_233' title='bbox 583 2214 714 2277; x_wconf 73' lang='lat' dir='ltr'>respicere</span> <span class='ocrx_word' id='word_1_234' title='bbox 752 2224 820 2259; x_wconf 86' lang='lat' dir='ltr'>mum</span> <span class='ocrx_word' id='word_1_235' title='bbox 834 2211 977 2276; x_wconf 75' lang='lat' dir='ltr'>religiosam</span> <span class='ocrx_word' id='word_1_236' title='bbox 987 2211 1097 2276; x_wconf 72' lang='lat' dir='ltr'>ingredi,</span> <span class='ocrx_word' id='word_1_237' title='bbox 1110 2212 1186 2265; x_wconf 81' lang='lat' dir='ltr'>simut</span> <span class='ocrx_word' id='word_1_238' title='bbox 1202 2214 1288 2265; x_wconf 79' lang='lat' dir='ltr'>imru</span> 
     </span>
     <span class='ocr_line' id='line_1_26' title="bbox 183 2285 1287 2354; baseline 0.004 -15"><span class='ocrx_word' id='word_1_239' title='bbox 183 2287 215 2338; x_wconf 83' lang='lat' dir='ltr'>ad</span> <span class='ocrx_word' id='word_1_240' title='bbox 235 2291 448 2340; x_wconf 86' lang='lat' dir='ltr'>consuetudinem</span> <span class='ocrx_word' id='word_1_241' title='bbox 468 2291 650 2353; x_wconf 85' lang='lat' dir='ltr'>Romanorum,</span> <span class='ocrx_word' id='word_1_242' title='bbox 670 2290 714 2354; x_wconf 87' lang='lat' dir='ltr'>qui</span> <span class='ocrx_word' id='word_1_243' title='bbox 752 2285 1192 2352; x_wconf 59' lang='lat' dir='ltr'>serenatanfficinmpromtttotnt.</span> <span class='ocrx_word' id='word_1_244' title='bbox 1218 2288 1287 2343; x_wconf 74' lang='lat' dir='ltr'>Son.</span> 
     </span>
     <span class='ocr_line' id='line_1_27' title="bbox 182 2364 1288 2431; baseline 0.007 -20"><span class='ocrx_word' id='word_1_245' title='bbox 182 2378 243 2413; x_wconf 90' lang='lat' dir='ltr'>suos</span> <span class='ocrx_word' id='word_1_246' title='bbox 266 2366 380 2415; x_wconf 71' lang='lat' dir='ltr'>cesares</span> <span class='ocrx_word' id='word_1_247' title='bbox 403 2366 428 2413; x_wconf 89' lang='lat' dir='ltr'>in</span> <span class='ocrx_word' id='word_1_248' title='bbox 450 2364 558 2413; x_wconf 88' lang='lat' dir='ltr'>deornm</span> <span class='ocrx_word' id='word_1_249' title='bbox 580 2377 715 2414; x_wconf 89' lang='lat' dir='ltr'>numerum</span> <span class='ocrx_word' id='word_1_250' title='bbox 783 2370 833 2414; x_wconf 73' lang='lat' dir='ltr'>tob</span> <span class='ocrx_word' id='word_1_251' title='bbox 859 2366 996 2428; x_wconf 71' lang='lat' dir='ltr'>Velleribus,</span> <span class='ocrx_word' id='word_1_252' title='bbox 1016 2366 1071 2431; x_wconf 66' lang='lat' dir='ltr'>ie]</span> <span class='ocrx_word' id='word_1_253' title='bbox 1091 2364 1146 2417; x_wconf 83' lang='lat' dir='ltr'>Pro</span> <span class='ocrx_word' id='word_1_254' title='bbox 1165 2381 1199 2419; x_wconf 87' lang='lat' dir='ltr'>eo</span> <span class='ocrx_word' id='word_1_255' title='bbox 1218 2368 1288 2419; x_wconf 77' lang='lat' dir='ltr'>Sisi.</span> 
     </span>
     <span class='ocr_line' id='line_1_28' title="bbox 181 2438 1288 2505; baseline 0.006 -17"><span class='ocrx_word' id='word_1_256' title='bbox 181 2438 342 2504; x_wconf 79' lang='lat' dir='ltr'>referebant,</span> <span class='ocrx_word' id='word_1_257' title='bbox 350 2440 546 2505; x_wconf 81' lang='lat' dir='ltr'>flaminibusque</span> <span class='ocrx_word' id='word_1_258' title='bbox 557 2446 585 2491; x_wconf 85' lang='lat' dir='ltr'>et</span> <span class='ocrx_word' id='word_1_259' title='bbox 596 2441 715 2492; x_wconf 83' lang='lat' dir='ltr'>socerdo-</span> <span class='ocrx_word' id='word_1_260' title='bbox 752 2440 813 2490; x_wconf 81' lang='lat' dir='ltr'>silv.</span> <span class='ocrx_word' id='word_1_261' title='bbox 827 2442 843 2489; x_wconf 93' lang='grc' dir='ltr'>Ι.</span> <span class='ocrx_word' id='word_1_262' title='bbox 856 2455 894 2490; x_wconf 78' lang='lat' dir='ltr'>ru.</span> <span class='ocrx_word' id='word_1_263' title='bbox 904 2441 1019 2492; x_wconf 80' lang='lat' dir='ltr'>‘vituts</span> <span class='ocrx_word' id='word_1_264' title='bbox 1030 2442 1145 2505; x_wconf 66' lang='lat' dir='ltr'>templs?</span> <span class='ocrx_word' id='word_1_265' title='bbox 1174 2443 1288 2496; x_wconf 80' lang='lat' dir='ltr'>Quomo-</span> 
     </span>
     <span class='ocr_line' id='line_1_29' title="bbox 184 2513 1287 2584; baseline 0.008 -22"><span class='ocrx_word' id='word_1_266' title='bbox 184 2513 253 2563; x_wconf 86' lang='lat' dir='ltr'>tlbus</span> <span class='ocrx_word' id='word_1_267' title='bbox 264 2514 441 2564; x_wconf 83' lang='lat' dir='ltr'>honorabant:</span> <span class='ocrx_word' id='word_1_268' title='bbox 459 2529 519 2564; x_wconf 88' lang='lat' dir='ltr'>nam</span> <span class='ocrx_word' id='word_1_269' title='bbox 530 2515 600 2566; x_wconf 87' lang='lat' dir='ltr'>Dido</span> <span class='ocrx_word' id='word_1_270' title='bbox 612 2515 714 2566; x_wconf 85' lang='lat' dir='ltr'>videtur</span> <span class='ocrx_word' id='word_1_271' title='bbox 752 2516 786 2566; x_wconf 91' lang='lat' dir='ltr'>do</span> <span class='ocrx_word' id='word_1_272' title='bbox 796 2517 893 2579; x_wconf 85' lang='lat' dir='ltr'>templs</span> <span class='ocrx_word' id='word_1_273' title='bbox 904 2517 1084 2567; x_wconf 77' lang='lat' dir='ltr'>coronaverint</span> <span class='ocrx_word' id='word_1_274' title='bbox 1094 2524 1206 2584; x_wconf 85' lang='lat' dir='ltr'>veteres,</span> <span class='ocrx_word' id='word_1_275' title='bbox 1223 2518 1287 2571; x_wconf 84' lang='lat' dir='ltr'>Pas·</span> 
     </span>
     <span class='ocr_line' id='line_1_30' title="bbox 181 2586 1266 2658; baseline 0.009 -21"><span class='ocrx_word' id='word_1_276' title='bbox 181 2586 260 2640; x_wconf 80' lang='lat' dir='ltr'>fuisse</span> <span class='ocrx_word' id='word_1_277' title='bbox 285 2589 380 2640; x_wconf 73' lang='lat' dir='ltr'>Sichrei</span> <span class='ocrx_word' id='word_1_278' title='bbox 408 2591 557 2641; x_wconf 75' lang='lat' dir='ltr'>Flaminica.</span> <span class='ocrx_word' id='word_1_279' title='bbox 591 2591 715 2658; x_wconf 79' lang='lat' dir='ltr'>Solebeut</span> <span class='ocrx_word' id='word_1_280' title='bbox 752 2593 819 2641; x_wconf 83' lang='lat' dir='ltr'>chal.</span> <span class='ocrx_word' id='word_1_281' title='bbox 832 2592 1034 2643; x_wconf 82' lang='lat' dir='ltr'>decoronisrv.</span> <span class='ocrx_word' id='word_1_282' title='bbox 1047 2598 1087 2643; x_wconf 82' lang='lat'>18.</span> <span class='ocrx_word' id='word_1_283' title='bbox 1121 2596 1266 2647; x_wconf 71' lang='lat' dir='ltr'>Emesa.</span> 
     </span>
     <span class='ocr_line' id='line_1_31' title="bbox 182 2666 1287 2736; baseline 0.008 -22"><span class='ocrx_word' id='word_1_284' title='bbox 182 2672 271 2715; x_wconf 79' lang='lat' dir='ltr'>autem</span> <span class='ocrx_word' id='word_1_285' title='bbox 291 2666 363 2716; x_wconf 86' lang='lat' dir='ltr'>vittis</span> <span class='ocrx_word' id='word_1_286' title='bbox 381 2668 462 2717; x_wconf 86' lang='lat' dir='ltr'>laneis</span> <span class='ocrx_word' id='word_1_287' title='bbox 478 2675 506 2718; x_wconf 89' lang='lat' dir='ltr'>et</span> <span class='ocrx_word' id='word_1_288' title='bbox 521 2666 609 2718; x_wconf 77' lang='lat' dir='ltr'>insulis</span> <span class='ocrx_word' id='word_1_289' title='bbox 621 2683 713 2719; x_wconf 81' lang='lat' dir='ltr'>ornare</span> <span class='ocrx_word' id='word_1_290' title='bbox 785 2669 859 2717; x_wconf 77' lang='lat' dir='ltr'>Festa</span> <span class='ocrx_word' id='word_1_291' title='bbox 869 2668 969 2733; x_wconf 78' lang='lat' dir='ltr'>fronde]</span> <span class='ocrx_word' id='word_1_292' title='bbox 988 2670 1095 2733; x_wconf 77' lang='lat' dir='ltr'>Divino,</span> <span class='ocrx_word' id='word_1_293' title='bbox 1105 2676 1230 2736; x_wconf 77' lang='lat' dir='ltr'>tanqum</span> <span class='ocrx_word' id='word_1_294' title='bbox 1241 2684 1287 2723; x_wconf 85' lang='lat' dir='ltr'>un·</span> 
     </span>
     <span class='ocr_line' id='line_1_32' title="bbox 183 2739 1286 2813; baseline 0.009 -24"><span class='ocrx_word' id='word_1_295' title='bbox 183 2739 252 2791; x_wconf 81' lang='lat' dir='ltr'>sores</span> <span class='ocrx_word' id='word_1_296' title='bbox 261 2743 415 2807; x_wconf 87' lang='lat' dir='ltr'>templorum</span> <span class='ocrx_word' id='word_1_297' title='bbox 424 2752 453 2794; x_wconf 85' lang='lat' dir='ltr'>et</span> <span class='ocrx_word' id='word_1_298' title='bbox 462 2759 535 2795; x_wconf 78' lang='lat' dir='ltr'>eras:</span> <span class='ocrx_word' id='word_1_299' title='bbox 548 2745 617 2808; x_wconf 91' lang='lat' dir='ltr'>qnod</span> <span class='ocrx_word' id='word_1_300' title='bbox 626 2745 715 2810; x_wconf 79' lang='lat' dir='ltr'>attigit</span> <span class='ocrx_word' id='word_1_301' title='bbox 751 2757 810 2793; x_wconf 85' lang='lat' dir='ltr'>men</span> <span class='ocrx_word' id='word_1_302' title='bbox 821 2744 929 2795; x_wconf 89' lang='lat' dir='ltr'>coleret.</span> <span class='ocrx_word' id='word_1_303' title='bbox 954 2747 1022 2795; x_wconf 80' lang='lat' dir='ltr'>Sane</span> <span class='ocrx_word' id='word_1_304' title='bbox 1033 2745 1083 2795; x_wconf 87' lang='lat' dir='ltr'>boc</span> <span class='ocrx_word' id='word_1_305' title='bbox 1095 2747 1154 2796; x_wconf 92' lang='lat' dir='ltr'>loco</span> <span class='ocrx_word' id='word_1_306' title='bbox 1165 2747 1286 2813; x_wconf 82' lang='lat' dir='ltr'>latenter,</span> 
     </span>
     <span class='ocr_line' id='line_1_33' title="bbox 183 2817 1285 2886; baseline 0.007 -19"><span class='ocrx_word' id='word_1_307' title='bbox 183 2817 276 2868; x_wconf 79' lang='lat' dir='ltr'>birro:</span> <span class='ocrx_word' id='word_1_308' title='bbox 295 2835 438 2885; x_wconf 81' lang='lat' dir='ltr'>quanquam</span> <span class='ocrx_word' id='word_1_309' title='bbox 457 2823 506 2871; x_wconf 86' lang='lat' dir='ltr'>boc</span> <span class='ocrx_word' id='word_1_310' title='bbox 520 2821 553 2870; x_wconf 84' lang='lat' dir='ltr'>sd</span> <span class='ocrx_word' id='word_1_311' title='bbox 567 2822 714 2886; x_wconf 81' lang='lat' dir='ltr'>nuptiarum</span> <span class='ocrx_word' id='word_1_312' title='bbox 752 2835 827 2885; x_wconf 85' lang='lat' dir='ltr'>quam</span> <span class='ocrx_word' id='word_1_313' title='bbox 837 2835 915 2884; x_wconf 82' lang='lat' dir='ltr'>supre</span> <span class='ocrx_word' id='word_1_314' title='bbox 924 2821 1043 2884; x_wconf 81' lang='lat' dir='ltr'>diximus,</span> <span class='ocrx_word' id='word_1_315' title='bbox 1051 2822 1133 2886; x_wconf 79' lang='lat' dir='ltr'>tangit</span> <span class='ocrx_word' id='word_1_316' title='bbox 1142 2822 1285 2875; x_wconf 84' lang='lat' dir='ltr'>bistoriam.</span> 
     </span>
     <span class='ocr_line' id='line_1_34' title="bbox 181 2895 1286 2964; baseline 0.006 -20"><span class='ocrx_word' id='word_1_317' title='bbox 181 2895 393 2946; x_wconf 86' lang='lat' dir='ltr'>consuetudinem</span> <span class='ocrx_word' id='word_1_318' title='bbox 402 2897 492 2947; x_wconf 87' lang='lat' dir='ltr'>retulit</span> <span class='ocrx_word' id='word_1_319' title='bbox 501 2898 622 2948; x_wconf 82' lang='lat' dir='ltr'>Servius:</span> <span class='ocrx_word' id='word_1_320' title='bbox 639 2913 714 2962; x_wconf 83' lang='lat' dir='ltr'>equo</span> <span class='ocrx_word' id='word_1_321' title='bbox 751 2896 819 2945; x_wconf 77' lang='lat' dir='ltr'>Nem</span> <span class='ocrx_word' id='word_1_322' title='bbox 839 2896 862 2944; x_wconf 91' lang='lat' dir='ltr'>si</span> <span class='ocrx_word' id='word_1_323' title='bbox 877 2896 980 2946; x_wconf 76' lang='lat' dir='ltr'>amabot</span> <span class='ocrx_word' id='word_1_324' title='bbox 997 2897 1113 2962; x_wconf 82' lang='lat' dir='ltr'>AEncsm‚</span> <span class='ocrx_word' id='word_1_325' title='bbox 1131 2898 1223 2964; x_wconf 82' lang='lat' dir='ltr'>utique</span> <span class='ocrx_word' id='word_1_326' title='bbox 1234 2914 1286 2951; x_wconf 82' lang='lat' dir='ltr'>non</span> 
     </span>
     <span class='ocr_line' id='line_1_35' title="bbox 183 2969 1286 3029; baseline 0.009 -10"><span class='ocrx_word' id='word_1_327' title='bbox 183 2969 316 3022; x_wconf 86' lang='lat' dir='ltr'>dissentio.</span> <span class='ocrx_word' id='word_1_328' title='bbox 350 2973 393 3021; x_wconf 81' lang='lat' dir='ltr'>lta</span> <span class='ocrx_word' id='word_1_329' title='bbox 416 2973 513 3023; x_wconf 79' lang='lat' dir='ltr'>Statius</span> <span class='ocrx_word' id='word_1_330' title='bbox 537 2974 601 3024; x_wconf 79' lang='lat' dir='ltr'>silv.</span> <span class='ocrx_word' id='word_1_331' title='bbox 629 2975 646 3023; x_wconf 89' lang='lat' dir='ltr'>l.</span> <span class='ocrx_word' id='word_1_332' title='bbox 673 2988 712 3024; x_wconf 89' lang='lat' dir='ltr'>rv.</span> <span class='ocrx_word' id='word_1_333' title='bbox 750 2973 849 3022; x_wconf 90' lang='lat' dir='ltr'>coleret</span> <span class='ocrx_word' id='word_1_334' title='bbox 861 2973 1006 3024; x_wconf 86' lang='lat' dir='ltr'>extinctum</span> <span class='ocrx_word' id='word_1_335' title='bbox 1017 2974 1147 3025; x_wconf 81' lang='lat' dir='ltr'>maritum.</span> <span class='ocrx_word' id='word_1_336' title='bbox 1180 2975 1286 3029; x_wconf 68' lang='lat' dir='ltr'>Serviat.</span> 
     </span>
     <span class='ocr_line' id='line_1_36' title="bbox 180 3046 1285 3118; baseline 0.006 -21"><span class='ocrx_word' id='word_1_337' title='bbox 180 3046 293 3097; x_wconf 80' lang='lat' dir='ltr'>‘Pande</span> <span class='ocrx_word' id='word_1_338' title='bbox 319 3047 389 3098; x_wconf 77' lang='lat' dir='ltr'>fores</span> <span class='ocrx_word' id='word_1_339' title='bbox 415 3064 545 3114; x_wconf 84' lang='lat' dir='ltr'>superum,</span> <span class='ocrx_word' id='word_1_340' title='bbox 567 3051 713 3115; x_wconf 75' lang='lat' dir='ltr'>vittataque</span> <span class='ocrx_word' id='word_1_341' title='bbox 782 3054 831 3099; x_wconf 77' lang='lat' dir='ltr'>ibb</span> <span class='ocrx_word' id='word_1_342' title='bbox 860 3050 927 3100; x_wconf 72' lang='lat' dir='ltr'>Hinc</span> <span class='ocrx_word' id='word_1_343' title='bbox 953 3051 1064 3101; x_wconf 75' lang='lat' dir='ltr'>emuiri</span> <span class='ocrx_word' id='word_1_344' title='bbox 1092 3054 1170 3118; x_wconf 77' lang='lat' dir='ltr'>moes]</span> <span class='ocrx_word' id='word_1_345' title='bbox 1196 3052 1285 3105; x_wconf 77' lang='lat' dir='ltr'>Simile</span> 
     </span>
     <span class='ocr_line' id='line_1_37' title="bbox 182 3123 1285 3189; baseline 0.008 -18"><span class='ocrx_word' id='word_1_346' title='bbox 182 3123 281 3187; x_wconf 86' lang='lat' dir='ltr'>templa</span> <span class='ocrx_word' id='word_1_347' title='bbox 291 3124 388 3174; x_wconf 79' lang='lat' dir='ltr'>Sabaeis</span> <span class='ocrx_word' id='word_1_348' title='bbox 400 3124 527 3187; x_wconf 81' lang='lat' dir='ltr'>Nubibus,</span> <span class='ocrx_word' id='word_1_349' title='bbox 544 3131 571 3175; x_wconf 87' lang='lat' dir='ltr'>et</span> <span class='ocrx_word' id='word_1_350' title='bbox 584 3126 713 3189; x_wconf 87' lang='lat' dir='ltr'>pecudum</span> <span class='ocrx_word' id='word_1_351' title='bbox 751 3125 863 3175; x_wconf 77' lang='lat' dir='ltr'>eecinae</span> <span class='ocrx_word' id='word_1_352' title='bbox 882 3126 1008 3176; x_wconf 88' lang='lat' dir='ltr'>accidisse</span> <span class='ocrx_word' id='word_1_353' title='bbox 1019 3135 1109 3177; x_wconf 73' lang='lat' dir='ltr'>narrat</span> <span class='ocrx_word' id='word_1_354' title='bbox 1118 3128 1203 3179; x_wconf 74' lang='lat' dir='ltr'>l&#39;scit.</span> <span class='ocrx_word' id='word_1_355' title='bbox 1213 3125 1285 3179; x_wconf 78' lang='lat' dir='ltr'>Anu.</span> 
     </span>
     <span class='ocr_line' id='line_1_38' title="bbox 181 3196 1286 3265; baseline 0.008 -18"><span class='ocrx_word' id='word_1_356' title='bbox 181 3196 255 3249; x_wconf 84' lang='lat' dir='ltr'>tibris</span> <span class='ocrx_word' id='word_1_357' title='bbox 265 3200 423 3265; x_wconf 81' lang='lat' dir='ltr'>spirantibus</span> <span class='ocrx_word' id='word_1_358' title='bbox 438 3200 532 3265; x_wconf 87' lang='lat' dir='ltr'>impie.&#39;</span> <span class='ocrx_word' id='word_1_359' title='bbox 568 3201 712 3254; x_wconf 82' lang='lat' dir='ltr'>Tusbnsons.</span> <span class='ocrx_word' id='word_1_360' title='bbox 750 3200 767 3250; x_wconf 93' lang='lat' dir='ltr'>l.</span> <span class='ocrx_word' id='word_1_361' title='bbox 780 3215 799 3250; x_wconf 89' lang='lat' dir='ltr'>r.</span> <span class='ocrx_word' id='word_1_362' title='bbox 812 3202 851 3250; x_wconf 83' lang='lat' dir='ltr'>bis</span> <span class='ocrx_word' id='word_1_363' title='bbox 860 3203 964 3252; x_wconf 82' lang='lat' dir='ltr'>verbis:</span> <span class='ocrx_word' id='word_1_364' title='bbox 982 3205 1100 3254; x_wconf 80' lang='lat' dir='ltr'>‘Ducem</span> <span class='ocrx_word' id='word_1_365' title='bbox 1120 3205 1286 3256; x_wconf 70' lang='lat' dir='ltr'>terruitdin</span> 
     </span>
     <span class='ocr_line' id='line_1_39' title="bbox 213 3275 1291 3344; baseline 0.006 -19"><span class='ocrx_word' id='word_1_366' title='bbox 213 3275 281 3325; x_wconf 80' lang='lat' dir='ltr'>Miro</span> <span class='ocrx_word' id='word_1_367' title='bbox 292 3280 354 3341; x_wconf 74' lang='lat' dir='ltr'>quod</span> <span class='ocrx_word' id='word_1_368' title='bbox 370 3279 457 3327; x_wconf 79' lang='lat' dir='ltr'>bonore</span> <span class='ocrx_word' id='word_1_369' title='bbox 467 3278 567 3342; x_wconf 76' lang='lat' dir='ltr'>colebat]</span> <span class='ocrx_word' id='word_1_370' title='bbox 584 3277 713 3328; x_wconf 82' lang='lat' dir='ltr'>Exhiben·</span> <span class='ocrx_word' id='word_1_371' title='bbox 750 3276 838 3339; x_wconf 82' lang='lat' dir='ltr'>quies:</span> <span class='ocrx_word' id='word_1_372' title='bbox 858 3291 916 3326; x_wconf 85' lang='lat' dir='ltr'>nam</span> <span class='ocrx_word' id='word_1_373' title='bbox 934 3278 1088 3330; x_wconf 79' lang='lat' dir='ltr'>Quintilium</span> <span class='ocrx_word' id='word_1_374' title='bbox 1105 3278 1214 3344; x_wconf 81' lang='lat' dir='ltr'>Varum,</span> <span class='ocrx_word' id='word_1_375' title='bbox 1229 3296 1291 3334; x_wconf 74' lang='lat' dir='ltr'>sam.</span> 
     </span>
     <span class='ocr_line' id='line_1_40' title="bbox 180 3350 1285 3419; baseline 0.007 -20"><span class='ocrx_word' id='word_1_376' title='bbox 180 3350 215 3401; x_wconf 87' lang='lat' dir='ltr'>do</span> <span class='ocrx_word' id='word_1_377' title='bbox 226 3366 258 3402; x_wconf 85' lang='lat' dir='ltr'>ea</span> <span class='ocrx_word' id='word_1_378' title='bbox 268 3363 379 3418; x_wconf 83' lang='lat' dir='ltr'>mortuo,</span> <span class='ocrx_word' id='word_1_379' title='bbox 397 3370 455 3419; x_wconf 78' lang='lat' dir='ltr'>quse</span> <span class='ocrx_word' id='word_1_380' title='bbox 467 3355 537 3405; x_wconf 82' lang='lat' dir='ltr'>circa</span> <span class='ocrx_word' id='word_1_381' title='bbox 547 3355 618 3404; x_wconf 79' lang='lat' dir='ltr'>visos</span> <span class='ocrx_word' id='word_1_382' title='bbox 628 3356 713 3406; x_wconf 82' lang='lat' dir='ltr'>solent</span> <span class='ocrx_word' id='word_1_383' title='bbox 750 3352 826 3416; x_wconf 70' lang='lat' dir='ltr'>guine</span> <span class='ocrx_word' id='word_1_384' title='bbox 838 3352 955 3416; x_wconf 84' lang='lat' dir='ltr'>oblitum,</span> <span class='ocrx_word' id='word_1_385' title='bbox 969 3360 998 3403; x_wconf 87' lang='lat' dir='ltr'>et</span> <span class='ocrx_word' id='word_1_386' title='bbox 1008 3352 1145 3418; x_wconf 70' lang='lat' dir='ltr'>paludibus</span> <span class='ocrx_word' id='word_1_387' title='bbox 1156 3368 1285 3406; x_wconf 79' lang='lat' dir='ltr'>emersum</span> 
     </span>
     <span class='ocr_line' id='line_1_41' title="bbox 180 3425 1285 3493; baseline 0.008 -18"><span class='ocrx_word' id='word_1_388' title='bbox 180 3425 248 3477; x_wconf 84' lang='lat' dir='ltr'>lieri.</span> <span class='ocrx_word' id='word_1_389' title='bbox 279 3430 367 3478; x_wconf 78' lang='lat' dir='ltr'>blitum</span> <span class='ocrx_word' id='word_1_390' title='bbox 379 3432 433 3480; x_wconf 85' lang='lat' dir='ltr'>veri</span> <span class='ocrx_word' id='word_1_391' title='bbox 445 3437 473 3479; x_wconf 88' lang='lat' dir='ltr'>ct</span> <span class='ocrx_word' id='word_1_392' title='bbox 483 3430 639 3481; x_wconf 84' lang='lat' dir='ltr'>venerabilis</span> <span class='ocrx_word' id='word_1_393' title='bbox 648 3438 712 3481; x_wconf 88' lang='lat' dir='ltr'>tem·</span> <span class='ocrx_word' id='word_1_394' title='bbox 749 3444 857 3480; x_wconf 86' lang='lat' dir='ltr'>cernere</span> <span class='ocrx_word' id='word_1_395' title='bbox 868 3440 895 3481; x_wconf 89' lang='lat' dir='ltr'>et</span> <span class='ocrx_word' id='word_1_396' title='bbox 905 3431 995 3482; x_wconf 84' lang='lat' dir='ltr'>audire</span> <span class='ocrx_word' id='word_1_397' title='bbox 1006 3433 1074 3491; x_wconf 80' lang='lat' dir='ltr'>visus</span> <span class='ocrx_word' id='word_1_398' title='bbox 1085 3440 1136 3493; x_wconf 85' lang='lat' dir='ltr'>est,</span> <span class='ocrx_word' id='word_1_399' title='bbox 1157 3434 1230 3484; x_wconf 82' lang='lat' dir='ltr'>seint</span> <span class='ocrx_word' id='word_1_400' title='bbox 1241 3450 1285 3485; x_wconf 83' lang='lat' dir='ltr'>vo·</span> 
     </span>
     <span class='ocr_line' id='line_1_42' title="bbox 180 3503 1285 3573; baseline 0.005 -20"><span class='ocrx_word' id='word_1_401' title='bbox 180 3503 227 3566; x_wconf 91' lang='lat' dir='ltr'>pli,</span> <span class='ocrx_word' id='word_1_402' title='bbox 245 3506 332 3555; x_wconf 82' lang='lat' dir='ltr'>mariti</span> <span class='ocrx_word' id='word_1_403' title='bbox 350 3510 472 3571; x_wconf 84' lang='lat' dir='ltr'>templum</span> <span class='ocrx_word' id='word_1_404' title='bbox 489 3508 607 3558; x_wconf 83' lang='lat' dir='ltr'>obtinere</span> <span class='ocrx_word' id='word_1_405' title='bbox 624 3509 712 3573; x_wconf 79' lang='lat' dir='ltr'>cupis·</span> <span class='ocrx_word' id='word_1_406' title='bbox 749 3513 861 3568; x_wconf 80' lang='lat' dir='ltr'>cuntem,</span> <span class='ocrx_word' id='word_1_407' title='bbox 872 3522 923 3556; x_wconf 89' lang='lat' dir='ltr'>nou</span> <span class='ocrx_word' id='word_1_408' title='bbox 935 3514 1020 3557; x_wconf 83' lang='lat' dir='ltr'>tamen</span> <span class='ocrx_word' id='word_1_409' title='bbox 1032 3508 1183 3573; x_wconf 85' lang='lat' dir='ltr'>obsecutus,</span> <span class='ocrx_word' id='word_1_410' title='bbox 1193 3515 1222 3565; x_wconf 84' lang='lat' dir='ltr'>et</span> <span class='ocrx_word' id='word_1_411' title='bbox 1233 3523 1285 3560; x_wconf 84' lang='lat' dir='ltr'>ma·</span> 
     </span>
     <span class='ocr_line' id='line_1_43' title="bbox 180 3578 1284 3649; baseline 0.008 -20"><span class='ocrx_word' id='word_1_412' title='bbox 180 3578 235 3629; x_wconf 78' lang='lat' dir='ltr'>bet.</span> <span class='ocrx_word' id='word_1_413' title='bbox 268 3580 375 3645; x_wconf 83' lang='lat' dir='ltr'>Templa</span> <span class='ocrx_word' id='word_1_414' title='bbox 392 3584 461 3631; x_wconf 88' lang='lat' dir='ltr'>enim</span> <span class='ocrx_word' id='word_1_415' title='bbox 483 3583 632 3633; x_wconf 80' lang='lat' dir='ltr'>velamentis</span> <span class='ocrx_word' id='word_1_416' title='bbox 653 3585 711 3633; x_wconf 88' lang='lat' dir='ltr'>reli·</span> <span class='ocrx_word' id='word_1_417' title='bbox 750 3597 810 3633; x_wconf 85' lang='lat' dir='ltr'>num</span> <span class='ocrx_word' id='word_1_418' title='bbox 824 3584 981 3634; x_wconf 86' lang='lat' dir='ltr'>intendentis</span> <span class='ocrx_word' id='word_1_419' title='bbox 992 3584 1136 3649; x_wconf 68' lang='lat' dir='ltr'>repulisse!</span> <span class='ocrx_word' id='word_1_420' title='bbox 1158 3586 1237 3638; x_wconf 83' lang='lat' dir='ltr'>ovid.</span> <span class='ocrx_word' id='word_1_421' title='bbox 1250 3586 1284 3638; x_wconf 83' lang='lat' dir='ltr'>de</span> 
     </span>
     <span class='ocr_line' id='line_1_44' title="bbox 178 3655 1283 3726; baseline 0.007 -21"><span class='ocrx_word' id='word_1_422' title='bbox 178 3655 443 3721; x_wconf 77' lang='lat' dir='ltr'>giosamonstrsotur,</span> <span class='ocrx_word' id='word_1_423' title='bbox 455 3657 713 3723; x_wconf 79' lang='lat' dir='ltr'>etmorisiuerat‚ut</span> <span class='ocrx_word' id='word_1_424' title='bbox 750 3661 840 3710; x_wconf 84' lang='lat' dir='ltr'>eadem</span> <span class='ocrx_word' id='word_1_425' title='bbox 860 3661 984 3711; x_wconf 86' lang='lat' dir='ltr'>Didone:</span> <span class='ocrx_word' id='word_1_426' title='bbox 1002 3661 1090 3711; x_wconf 84' lang='lat' dir='ltr'>‘Hinc</span> <span class='ocrx_word' id='word_1_427' title='bbox 1101 3675 1150 3726; x_wconf 74' lang='lat' dir='ltr'>ego</span> <span class='ocrx_word' id='word_1_428' title='bbox 1161 3676 1204 3712; x_wconf 86' lang='lat' dir='ltr'>me</span> <span class='ocrx_word' id='word_1_429' title='bbox 1214 3662 1283 3713; x_wconf 89' lang='lat' dir='ltr'>sensi</span> 
     </span>
     <span class='ocr_line' id='line_1_45' title="bbox 179 3733 1284 3802; baseline 0.011 -22"><span class='ocrx_word' id='word_1_430' title='bbox 179 3733 308 3782; x_wconf 87' lang='lat' dir='ltr'>nubentes</span> <span class='ocrx_word' id='word_1_431' title='bbox 331 3735 433 3797; x_wconf 71' lang='lat' dir='ltr'>puelle,</span> <span class='ocrx_word' id='word_1_432' title='bbox 454 3736 529 3783; x_wconf 85' lang='lat' dir='ltr'>simul</span> <span class='ocrx_word' id='word_1_433' title='bbox 548 3749 606 3783; x_wconf 87' lang='lat' dir='ltr'>curn</span> <span class='ocrx_word' id='word_1_434' title='bbox 627 3737 710 3787; x_wconf 87' lang='lat' dir='ltr'>venis·</span> <span class='ocrx_word' id='word_1_435' title='bbox 748 3745 813 3787; x_wconf 89' lang='lat' dir='ltr'>uoto</span> <span class='ocrx_word' id='word_1_436' title='bbox 825 3746 918 3802; x_wconf 80' lang='lat' dir='ltr'>quater</span> <span class='ocrx_word' id='word_1_437' title='bbox 928 3752 974 3786; x_wconf 86' lang='lat' dir='ltr'>ore</span> <span class='ocrx_word' id='word_1_438' title='bbox 985 3738 1078 3788; x_wconf 82' lang='lat' dir='ltr'>citari:</span> <span class='ocrx_word' id='word_1_439' title='bbox 1097 3738 1160 3801; x_wconf 90' lang='lat' dir='ltr'>lpse</span> <span class='ocrx_word' id='word_1_440' title='bbox 1170 3754 1234 3790; x_wconf 87' lang='lat' dir='ltr'>sono</span> <span class='ocrx_word' id='word_1_441' title='bbox 1248 3747 1284 3792; x_wconf 80' lang='lat' dir='ltr'>te·</span> 
     </span>
     <span class='ocr_line' id='line_1_46' title="bbox 178 3809 1186 3875; baseline 0.009 -18"><span class='ocrx_word' id='word_1_442' title='bbox 178 3816 235 3859; x_wconf 89' lang='lat' dir='ltr'>sent</span> <span class='ocrx_word' id='word_1_443' title='bbox 256 3809 291 3858; x_wconf 82' lang='lat' dir='ltr'>sd</span> <span class='ocrx_word' id='word_1_444' title='bbox 311 3810 388 3860; x_wconf 82' lang='lat' dir='ltr'>liusen</span> <span class='ocrx_word' id='word_1_445' title='bbox 409 3812 503 3873; x_wconf 79' lang='lat' dir='ltr'>meriti,</span> <span class='ocrx_word' id='word_1_446' title='bbox 524 3819 624 3875; x_wconf 83' lang='lat' dir='ltr'>postes,</span> <span class='ocrx_word' id='word_1_447' title='bbox 649 3822 709 3864; x_wconf 88' lang='lat' dir='ltr'>ante</span> <span class='ocrx_word' id='word_1_448' title='bbox 748 3813 792 3862; x_wconf 89' lang='lat' dir='ltr'>uui</span> <span class='ocrx_word' id='word_1_449' title='bbox 805 3813 880 3875; x_wconf 77' lang='lat' dir='ltr'>dixit,</span> <span class='ocrx_word' id='word_1_450' title='bbox 893 3814 976 3863; x_wconf 84' lang='lat' dir='ltr'>Elissa</span> <span class='ocrx_word' id='word_1_451' title='bbox 986 3812 1063 3863; x_wconf 67' lang='lat' dir='ltr'>veni!</span> <span class='ocrx_word' id='word_1_452' title='bbox 1097 3815 1186 3866; x_wconf 71' lang='lat' dir='ltr'>Cerdo.</span> 
     </span>
     <span class='ocr_line' id='line_1_47' title="bbox 178 3887 1283 3957; baseline 0.009 -22"><span class='ocrx_word' id='word_1_453' title='bbox 178 3901 254 3951; x_wconf 78' lang='lat' dir='ltr'>quern</span> <span class='ocrx_word' id='word_1_454' title='bbox 274 3887 481 3952; x_wconf 78' lang='lat' dir='ltr'>ingrederentur,</span> <span class='ocrx_word' id='word_1_455' title='bbox 501 3898 609 3953; x_wconf 90' lang='lat' dir='ltr'>propter</span> <span class='ocrx_word' id='word_1_456' title='bbox 627 3893 709 3957; x_wconf 82' lang='lat' dir='ltr'>auspi·</span> <span class='ocrx_word' id='word_1_457' title='bbox 781 3896 828 3940; x_wconf 76' lang='grc'>461</span> <span class='ocrx_word' id='word_1_458' title='bbox 845 3892 902 3940; x_wconf 82' lang='lat' dir='ltr'>Viso</span> <span class='ocrx_word' id='word_1_459' title='bbox 912 3893 971 3956; x_wconf 78' lang='lat' dir='ltr'>oin]</span> <span class='ocrx_word' id='word_1_460' title='bbox 988 3893 1035 3954; x_wconf 84' lang='lat' dir='ltr'>Ut,</span> <span class='ocrx_word' id='word_1_461' title='bbox 1051 3890 1184 3956; x_wconf 84' lang='lat' dir='ltr'>‘visreque</span> <span class='ocrx_word' id='word_1_462' title='bbox 1205 3906 1283 3944; x_wconf 82' lang='lat' dir='ltr'>canes</span> 
     </span>
     <span class='ocr_line' id='line_1_48' title="bbox 178 3963 1284 4031; baseline 0.005 -20"><span class='ocrx_word' id='word_1_463' title='bbox 178 3963 246 4012; x_wconf 88' lang='lat' dir='ltr'>cium</span> <span class='ocrx_word' id='word_1_464' title='bbox 257 3966 385 4014; x_wconf 81' lang='lat' dir='ltr'>castitatis</span> <span class='ocrx_word' id='word_1_465' title='bbox 396 3975 518 4017; x_wconf 87' lang='lat' dir='ltr'>ornarent</span> <span class='ocrx_word' id='word_1_466' title='bbox 532 3968 611 4017; x_wconf 90' lang='lat' dir='ltr'>laneis</span> <span class='ocrx_word' id='word_1_467' title='bbox 630 3970 708 4020; x_wconf 84' lang='lat' dir='ltr'>vittis.</span> <span class='ocrx_word' id='word_1_468' title='bbox 749 3967 848 4016; x_wconf 78' lang='lat' dir='ltr'>ululare</span> <span class='ocrx_word' id='word_1_469' title='bbox 860 3982 906 4031; x_wconf 87' lang='lat' dir='ltr'>per</span> <span class='ocrx_word' id='word_1_470' title='bbox 915 3966 1049 4017; x_wconf 72' lang='lat' dir='ltr'>umbram!</span> <span class='ocrx_word' id='word_1_471' title='bbox 1059 3969 1223 4031; x_wconf 62' lang='lat' dir='ltr'>Terentiua‘</span> <span class='ocrx_word' id='word_1_472' title='bbox 1232 3967 1284 4019; x_wconf 71' lang='lat' dir='ltr'>An·</span> 
     </span>
     <span class='ocr_line' id='line_1_49' title="bbox 180 4036 1284 4100; baseline 0.009 -14"><span class='ocrx_word' id='word_1_473' title='bbox 180 4037 256 4087; x_wconf 83' lang='lat' dir='ltr'>Unde</span> <span class='ocrx_word' id='word_1_474' title='bbox 268 4041 316 4100; x_wconf 85' lang='lat' dir='ltr'>nit,</span> <span class='ocrx_word' id='word_1_475' title='bbox 327 4044 334 4067; x_wconf 81' lang='lat'>⁸</span> <span class='ocrx_word' id='word_1_476' title='bbox 344 4042 578 4093; x_wconf 83' lang='lat' dir='ltr'>Velleribusniveis</span> <span class='ocrx_word' id='word_1_477' title='bbox 588 4044 603 4093; x_wconf 88' lang='lat'>:’</span> <span class='ocrx_word' id='word_1_478' title='bbox 615 4053 641 4093; x_wconf 90' lang='lat' dir='ltr'>et</span> <span class='ocrx_word' id='word_1_479' title='bbox 652 4047 709 4093; x_wconf 89' lang='lat' dir='ltr'>oleo</span> <span class='ocrx_word' id='word_1_480' title='bbox 749 4036 806 4090; x_wconf 79' lang='lat' dir='ltr'>dire</span> <span class='ocrx_word' id='word_1_481' title='bbox 828 4057 916 4092; x_wconf 81' lang='lat' dir='ltr'>rocem</span> <span class='ocrx_word' id='word_1_482' title='bbox 937 4044 992 4092; x_wconf 86' lang='lat' dir='ltr'>visa</span> <span class='ocrx_word' id='word_1_483' title='bbox 1010 4057 1066 4093; x_wconf 89' lang='lat' dir='ltr'>sum</span> <span class='ocrx_word' id='word_1_484' title='bbox 1085 4042 1163 4093; x_wconf 89' lang='lat' dir='ltr'>modo</span> <span class='ocrx_word' id='word_1_485' title='bbox 1178 4043 1284 4096; x_wconf 62' lang='lat' dir='ltr'>militis?</span> 
     </span>
     <span class='ocr_line' id='line_1_50' title="bbox 179 4118 1281 4187; baseline 0.008 -24"><span class='ocrx_word' id='word_1_486' title='bbox 179 4124 333 4179; x_wconf 70' lang='lat' dir='ltr'>unguereot,</span> <span class='ocrx_word' id='word_1_487' title='bbox 354 4118 421 4185; x_wconf 82' lang='lat' dir='ltr'>pude</span> <span class='ocrx_word' id='word_1_488' title='bbox 441 4133 527 4168; x_wconf 76' lang='lat' dir='ltr'>uxores</span> <span class='ocrx_word' id='word_1_489' title='bbox 546 4120 624 4170; x_wconf 82' lang='lat' dir='ltr'>dictae</span> <span class='ocrx_word' id='word_1_490' title='bbox 639 4127 709 4183; x_wconf 88' lang='lat' dir='ltr'>sunt,</span> <span class='ocrx_word' id='word_1_491' title='bbox 748 4119 808 4169; x_wconf 88' lang='lat' dir='ltr'>Nou</span> <span class='ocrx_word' id='word_1_492' title='bbox 819 4120 887 4170; x_wconf 87' lang='lat' dir='ltr'>enim</span> <span class='ocrx_word' id='word_1_493' title='bbox 898 4125 973 4170; x_wconf 78' lang='lat' dir='ltr'>erent</span> <span class='ocrx_word' id='word_1_494' title='bbox 985 4136 1054 4184; x_wconf 83' lang='lat' dir='ltr'>vers,</span> <span class='ocrx_word' id='word_1_495' title='bbox 1065 4130 1096 4170; x_wconf 91' lang='lat' dir='ltr'>ut</span> <span class='ocrx_word' id='word_1_496' title='bbox 1106 4135 1194 4187; x_wconf 84' lang='lat' dir='ltr'>supra.</span> <span class='ocrx_word' id='word_1_497' title='bbox 1211 4121 1281 4172; x_wconf 67' lang='lat' dir='ltr'>Serra</span> 
     </span>
    </p>
   </div>
   <div class='ocr_carea' id='block_1_4' title="bbox 179 4194 1294 4263">
    <p class='ocr_par' dir='ltr' id='par_1_4' title="bbox 179 4194 1294 4263">
     <span class='ocr_line' id='line_1_51' title="bbox 179 4194 1294 4263; baseline 0.006 -19"><span class='ocrx_word' id='word_1_498' title='bbox 179 4194 252 4259; x_wconf 79' lang='lat' dir='ltr'>qussi</span> <span class='ocrx_word' id='word_1_499' title='bbox 261 4209 369 4248; x_wconf 73' lang='lat' dir='ltr'>morra</span> <span class='ocrx_word' id='word_1_500' title='bbox 400 4199 546 4263; x_wconf 73' lang='lat' dir='ltr'>Beneergo</span> <span class='ocrx_word' id='word_1_501' title='bbox 556 4199 639 4263; x_wconf 81' lang='lat' dir='ltr'>Dido,</span> <span class='ocrx_word' id='word_1_502' title='bbox 649 4213 707 4249; x_wconf 87' lang='lat' dir='ltr'>cum</span> <span class='ocrx_word' id='word_1_503' title='bbox 779 4198 999 4262; x_wconf 69' lang='lat' dir='ltr'>Nosmtrms]</span> <span class='ocrx_word' id='word_1_504' title='bbox 1018 4197 1055 4249; x_wconf 87' lang='lat' dir='ltr'>Ut</span> <span class='ocrx_word' id='word_1_505' title='bbox 1072 4204 1183 4262; x_wconf 66' lang='lat' dir='ltr'>sugmt</span> <span class='ocrx_word' id='word_1_506' title='bbox 1199 4204 1294 4251; x_wconf 76' lang='lat' dir='ltr'>terso·</span> 
     </span>
    </p>
   </div>
   <div class='ocr_carea' id='block_1_5' title="bbox 0 0 1344 4694">
    <p class='ocr_par' dir='ltr' id='par_1_5' title="bbox 0 0 1344 4694">
     <span class='ocr_line' id='line_1_52' title="bbox 0 0 1344 4694; baseline 0 2"><span class='ocrx_word' id='word_1_507' title='bbox 0 0 1344 4694; x_wconf 95' lang='lat' dir='ltr'> </span> 
     </span>
    </p>
   </div>
  </div>
 </body>
</html>
