2678 4694
192 318 281 382 utut
543 327 655 378 unum
676 325 877 376 vauronuu
900 325 941 375 ur

83 526 89 538 ,
196 474 285 524 tellum
296 471 408 536 accipit:
430 486 514 538 neque
531 471 724 536 alii,quialiuur
761 468 932 527 ltabuitasos3
947 466 1276 534 sedquide'l'rojafumut

194 549 351 608 ardumum,
362 549 501 611 utpatelrit
511 547 725 598 adeuntiLivlum
761 544 848 605 idest,
859 544 1113 608 auos'lrojanorum.
1147 545 1220 595 iden.
1316 552 1319 556 “

196 624 214 674 l.
226 637 263 672 m.
275 631 302 673 et
313 637 362 673 mr.
374 623 502 674 ,lustinum
512 626 530 675 l.
542 637 641 674 xxxiv.
659 624 725 673 Oro-
797 623 931 671 Utusonm
940 619 1027 683 linio]
1052 620 1278 672 Vehementer*
1320 629 1329 673 ἰ

196 701 336 750 olomuz
364 700 517 764 Eutropium
534 713 572 748 iv.
584 704 609 748 8.
621 701 725 747 Florum
761 695 800 746 cit
808 698 921 745 animum
935 695 991 756 lilii,
999 697 1143 746 interitum
1151 698 1280 747 onemo

194 776 256 826 l.rr.
291 776 486 826 Patercnluml.
499 790 518 825 r.
547 775 661 824 illenim
674 791 726 823 orn·
763 773 883 822 ultionem
893 772 976 834 'l'rojae
989 772 1160 835 promittens.
1190 774 1249 824 Du.
1318 779 1320 785 ’

197 867 252 916 nes,
263 854 306 903 alii
318 854 394 904 etiam
403 855 440 903 ita
451 855 483 902 de
496 852 627 913 Mummio,
636 850 726 900 Achar-
794 850 1035 913 titulamento]
1061 849 1281 912 Censoriumffl,

187 930 229 992 is,
246 937 274 979 et
292 930 415 980 Corintho
433 931 580 992 loquuntur,
599 933 629 975 ut
645 927 726 975 veluti
762 927 807 990 qui
826 927 930 989 scripsit
948 927 1087 975 historias:
1117 923 1202 976 multa
1217 925 1280 977 utin

196 1006 280 1070 digito
291 1013 441 1066 monstrent,
452 1005 484 1053 de
499 1003 623 1052 Mummio
633 1004 726 1066 accipi·
763 1002 832 1052 bellu
864 1002 988 1052 confecit.
1034 1005 1104 1052 Nam
1140 1004 1280 1064 Utieeun,
1327 1010 1329 1015 '

198 1081 292 1130 endum
310 1082 435 1130 Poiitam:
452 1095 536 1144 neque
548 1094 638 1143 pamm
648 1080 681 1128 ad
699 1079 725 1128 id
763 1088 892 1141 prasente
902 1079 1281 1144 Augusto,coutraquemptu

197 1155 281 1217 ipsum
300 1155 457 1216 conducunt,
469 1170 526 1218 qure
546 1155 694 1204 scribuntur
710 1170 726 1202 a
762 1156 819 1218 ejus
845 1163 872 1203 et
902 1155 1046 1214 dimicavit,
1073 1162 1103 1204 et
1130 1154 1280 1205 Anticum

198 1228 326 1279 Pausania
343 1229 369 1279 io
387 1230 481 1279 Ellacis
497 1230 635 1294 prioribus,
648 1238 726 1295 atque
762 1231 874 1293 scripsit,
885 1230 990 1279 laudare
1001 1245 1053 1278 nou
1070 1238 1189 1293 poterat.
1215 1231 1280 1293 dm

199 1304 226 1352 iu
238 1303 366 1353 Achaicis.
399 1305 486 1354 Cerdo.
763 1313 850 1354 autern
866 1307 1280 1369 Minervoetsmplatemerattpu

232 1380 441 1443 lllrtriumpiotu]
466 1382 611 1444 Stephanus
626 1382 725 1430 iuleet.
762 1387 881 1444 stuprum
890 1381 1042 1430 Cassandrae
1052 1381 1132 1431 dicit.
1166 1383 1258 1432 Ssrriu
1321 1390 1329 1431 t

198 1453 331 1519 Virgilp.
344 1461 383 1506 1⁷.
400 1457 566 1521 reprehendit
586 1459 727 1520 Donatum,
796 1458 887 1519 Mum
899 1458 970 1520 cru]
987 1459 1026 1507 Μ.
1038 1459 1280 1509 Porciumcstu
1317 1450 1320 1461 '

200 1529 244 1593 qui
262 1530 407 1594 triumphato
434 1533 623 1596 iuterpretatur
643 1536 728 1583 triatru-
764 1532 913 1582 Censorium
925 1536 1046 1596 majorem
1059 1535 1202 1599 iutelligit:
1217 1536 1281 1598 quin

197 1605 345 1666 pluma
366 1614 392 1655 et
411 1607 444 1655 ad
462 1609 617 1671 Capitolium
635 1610 727 1660 refert.
763 1604 912 1669 sopimuros
920 1607 1018 1656 dictus:
1036 1606 1281 1659 fuirunt-ml-

200 1681 258 1730 Qua
270 1681 296 1728 in
308 1696 336 1730 ro
347 1691 375 1732 et
385 1691 469 1732 metro
485 1692 513 1732 et
529 1685 663 1734 Latinitatl
678 1686 728 1734 uim
764 1683 870 1745 Orator,
882 1697 947 1733 max.
965 1683 1163 1745 Imperator,et
1174 1683 1282 1734 mmts
1318 1692 1329 1731 t

198 1754 362 1806 afferreenm
372 1759 471 1808 asserit.
505 1761 648 1809 Eumenem.
763 1765 849 1805 nator.
894 1758 925 1805 lu
947 1772 1006 1806 euru
1036 1766 1129 1808 exstat
1153 1759 1281 1808 distichoa:
1326 1758 1329 1804 l

233 1834 730 1899 839Errretilie14rgos‚t·s.]Vspnlst
764 1831 1283 1896 ¹Portiuslricmordax‚3laucissulrdu
1321 1842 1329 1885 l

198 1907 241 1955 llic
254 1908 323 1957 locus
333 1910 401 1972 apud
420 1909 549 1973 agellium
562 1926 588 1962 x.
601 1916 728 1976 laquem
764 1908 863 1968 ocellis,
881 1907 1011 1957 interiens
1040 1909 1131 1958 Erebo
1154 1911 1228 1960 sudet
1244 1920 1284 1957 u
1323 1917 1329 1951 l

200 1988 288 2032 tuetur
302 1985 462 2034 Pontauusin
470 1986 594 2038 Antonio.
610 1987 662 2036 Alii
673 1989 729 2036 hec
765 1984 891 2046 comperit
902 1983 984 2032 ullus!
1019 1983 1172 2034 Turrim.

199 2056 233 2106 de
242 2059 275 2109 Q.
288 2059 365 2109 Curio
373 2062 498 2124 Dentato,
509 2070 537 2112 et
547 2063 658 2126 Pyrrho,
669 2062 730 2125 Epi·
800 2059 1014 2122 Correffeta'sqmt]
1027 2061 1123 2109 &mus
1132 2057 1286 2110 trlunnun's
1310 2106 1315 2119 ,

200 2142 314 2184 rotarum
328 2137 407 2200 Rege,
418 2139 573 2202 intelligunt.
595 2140 729 2190 Quorum-
765 2135 839 2185 llturu
857 2135 985 2184 consulari
1001 2142 1136 2199 potestate
1154 2135 1215 2185 fuit.
1244 2135 1287 2184 ll'n

199 2223 245 2257 ues
256 2209 374 2261 refutant
385 2214 409 2261 N
412 2214 517 2262 ascimlr.
529 2221 557 2263 et
569 2213 730 2273 Hortensius,
767 2225 854 2275 regem
864 2214 1002 2262 Tuscorum
1013 2215 1120 2262 Lartem
1130 2214 1290 2273 Tol-mrim,

198 2292 229 2333 et
242 2285 395 2350 simpliciter
410 2290 513 2338 Paulum
521 2288 730 2336 AEmillurniutel·
766 2300 781 2334 a
799 2287 857 2337 loco
876 2287 984 2348 dictum,
1001 2287 1119 2336 occidit:
1145 2298 1176 2338 et
1189 2287 1290 2339 sem

199 2361 292 2424 ligurit,
301 2364 345 2427 qul
356 2364 479 2420 AEucideu,
490 2363 515 2409 id
527 2370 576 2422 est,
586 2362 682 2411 Persen
694 2364 729 2410 vi·
766 2371 825 2425 post
843 2363 981 2411 Romulum
997 2365 1085 2425 opima
1102 2365 1190 2426 spolia
1200 2376 1290 2413 restru-
1327 2370 1329 2377 '

199 2437 275 2498 cerit,
290 2445 327 2497 et,
346 2435 500 2485 Macedonia
515 2436 628 2498 dirupta,
645 2438 670 2485 iu
685 2439 729 2486 tri·
767 2437 812 2485 vit.
846 2437 903 2485 Erit
915 2444 1000 2486 autem
1010 2438 1290 2501 nominativorum,

200 2511 292 2572 umplro
303 2518 364 2559 ante
372 2524 474 2559 currum
482 2512 564 2575 egerit
574 2528 580 2559 :
598 2525 648 2576 quo
658 2511 729 2562 facto
765 2511 833 2571 imus
844 2512 933 2561 [ortis.
964 2513 1078 2562 Servius.

199 2585 357 2636 AEacldarum
374 2601 480 2651 regnum
502 2589 608 2639 corruit.
642 2590 729 2638 Mace·
800 2587 882 2649 Cosso]
898 2587 930 2636 Α.
943 2589 1022 2637 Corn.
1038 2590 1145 2639 Cossum
1157 2599 1248 2642 notat:
1263 2591 1291 2640 de

199 2659 294 2709 donum
311 2669 398 2711 sutem
416 2672 442 2711 et
461 2664 623 2727 Epirotarum
644 2667 729 2732 Reges
766 2678 817 2728 quo
827 2665 914 2712 Livius
923 2665 940 2713 l.
950 2680 987 2714 ru.
999 2666 1033 2714 ab
1045 2667 1117 2716 [λῦ.
1155 2670 1291 2718 Talaus.

198 2735 233 2784 alr
254 2735 355 2787 Achille
376 2746 460 2788 ortum
488 2741 596 2790 traxisse
619 2748 728 2789 constat.
801 2740 861 2795 Quin
871 2747 895 2789 te
905 2741 1004 2807 teritum
1013 2743 1145 2807 relinquat]
1154 2745 1237 2793 Simili
1247 2744 1293 2793 trr-

199 2810 320 2875 Propert
338 2814 408 2862 liu.
427 2815 459 2863 el.
478 2816 526 2864 ult.
559 2817 616 2864 ‘Et
632 2816 729 2864 Persen
766 2816 835 2863 mula
847 2817 927 2865 utitur
943 2817 1035 2865 Horat.
1047 2819 1101 2868 Od.
1110 2834 1149 2870 ιν.
1161 2824 1187 2870 9.
1220 2822 1293 2870 ‘Nou

200 2890 290 2949 proavi
301 2890 472 2940 simulantem'
483 2892 539 2955 (alii
549 2892 567 2939 l.
576 2891 729 2954 tuiuiuuters,
767 2903 816 2953 ego
829 2898 854 2939 te
865 2894 929 2940 meis
936 2894 1040 2941 Clrartis
1050 2895 1198 2945 inornatum
1210 2897 1292 2957 silebo,

198 2962 226 3011 id
237 2972 286 3027 est,
296 2965 516 3027 tumefacieutem)
525 2968 533 2992 ‘
543 2975 634 3029 pectus
644 2968 730 3015 Achil·
766 2967 848 3015 Totve
860 2975 916 3016 tuos
926 2968 1136 3029 patiarlalrorer!
1157 2973 1292 3022 Em

190 3037 238 3100 lis,
246 3038 349 3104 Quique
357 3049 413 3090 tuas
422 3056 532 3104 proavus
540 3041 729 3106 fregitAchille
799 3047 846 3091 84³
864 3043 925 3098 Quis
936 3043 1138 3108 Grmcligesru]
1163 3048 1293 3098 Gnctloe

200 3114 307 3165 domos!
339 3116 729 3183 Euripides,ia0rcste,Argm,
766 3115 901 3167 seditiosos
913 3128 1016 3169 constat
1026 3118 1124 3170 fuisse:
1150 3123 1292 3174 uoltilrslt·

200 3191 290 3241 urbem
316 3194 497 3258 Peloponnesi,
523 3195 611 3244 sedeur
634 3197 728 3260 regium
767 3208 824 3242 men
837 3209 939 3256 genere,
957 3198 1075 3261 Namque
1084 3212 1133 3261 per
1144 3200 1292 3269 Com

199 3265 266 3316 facit
276 3267 484 3331 Agamemnonis.
520 3272 663 3322 Tamna.
766 3278 873 3332 nepotes
891 3271 1018 3334 Scipionis
1040 3271 1161 3325 Africani
1183 3274 1290 3327 fuet-l

230 3346 279 3393 840
290 3345 415 3409 Ipsumque
423 3347 548 3410 AEuoiderr]
564 3350 678 3398 Necesse
689 3355 729 3398 cst
767 3345 842 3394 Unde
856 3347 983 3396 luvenalis
994 3348 1026 3397 ad
1039 3365 1106 3409 earn,
1118 3354 1125 3378 ‘
1138 3353 1218 3403 'rolla
1229 3360 1291 3403 tuum

200 3424 228 3466 ut
240 3418 279 3467 ilie
289 3419 477 3470 subaudiamus.
511 3424 638 3486 Pyrrhum
652 3425 728 3486 eninr,
766 3438 859 3486 precor
872 3423 1060 3476 Hannibalem!
1083 3430 1156 3493 Ergo
1164 3431 1291 3495 Scipion«

199 3508 275 3556 quem
283 3495 409 3545 AEuciden
420 3499 494 3558 dicit,
503 3499 596 3548 Curius
606 3508 632 3549 et
643 3502 730 3549 Fabri·
766 3499 829 3548 dicit
839 3515 885 3563 per
897 3501 1009 3550 Gracchi
1020 3517 1110 3564 penus.
1140 3507 1203 3555 Duo
1212 3515 1289 3557 autem

199 3571 253 3618 cius
276 3571 405 3632 vicerunt,
430 3573 557 3622 serentem
583 3578 727 3627 Tarentinis
765 3575 982 3641 fueruutzrnajor
991 3577 1141 3645 Africanus,
1150 3583 1290 3632 muitum

196 3645 327 3696 auxillum.
362 3647 514 3711 llicpostea
531 3650 598 3714 fugit
612 3656 637 3701 in
655 3655 727 3704 Grae·
765 3652 855 3713 minor,
876 3654 920 3718 qui
938 3654 1071 3705 obsidione
1087 3658 1291 3724 conhaglrdrslr

198 3722 273 3784 dam,
285 3730 313 3772 et
332 3722 385 3771 illic
399 3730 439 3772 est
457 3724 557 3774 occisus
574 3727 600 3774 in
621 3731 727 3792 templo.
765 3727 982 3778 ltalisrevocavit
994 3732 1177 3784 Hannibalem.
1209 3736 1275 3785 Sem.

198 3798 281 3862 Argos
293 3813 354 3849 sero
364 3805 392 3849 et
408 3801 533 3864 Mycenas
544 3800 588 3850 alii
601 3802 726 3854 vicerunt.
799 3802 885 3851 Gracci
905 3806 991 3869 grus]
1023 3807 1219 3861 Nobilissimum
1245 3811 1289 3859 bet

198 3875 302 3927 Saum
765 3880 863 3940 Roma,
880 3881 1048 3944 conjunctum
1071 3866 1290 3937 eum-murs

230 3959 277 4004 ⁸41
298 3955 372 4004 Ultus
398 3957 463 4020 uuor]
493 3956 548 4006 Aut
574 3958 616 4005 lric
638 3957 725 4006 distin·
764 3969 823 4004 cum
843 3952 1101 4021 Sciplmibus,unde
1119 3974 1137 4010 a
1154 3959 1290 4012 Poiitallr

198 4030 335 4092 grandnm,
353 4039 383 4081 ut
393 4032 436 4094 sit,
449 4032 662 4093 TroiaeMiseruoe,
679 4047 726 4096 pro
763 4032 844 4082 alian
872 4032 1085 4097 conjunguntur:
1115 4037 1204 4089 minor
1227 4036 1288 4086 eain

201 4104 320 4165 litim,-
337 4107 481 4171 principale
501 4123 549 4173 pru
569 4108 727 4169 derivatum
764 4107 887 4159 Cornelis
895 4104 1177 4176 Afrieauilillauupsit
1185 4113 1289 4164 'mm

199 4186 326 4232 macene
336 4197 391 4232 unus
404 4183 493 4245 Ma.-
509 4199 559 4234 uun
568 4198 631 4250 quos
644 4183 728 4251 Troja
764 4182 854 4247 punio
871 4183 1078 4255 (incitemur
1090 4188 1180 4255 liuius
1193 4187 1288 4242 umes
