2678 4694
114 282 202 350 3320
469 294 585 345 norm
600 290 803 343 romonum
827 290 869 369 131

115 441 225 504 singula,
235 436 316 502 edicit
333 453 367 488 na
385 438 529 489 commuula
544 445 573 489 et
585 437 649 488 ficta
686 434 740 485 rexi
757 435 849 485 literas
867 431 956 484 duusz’
982 446 1047 484 cun
1064 433 1152 497 litere,
1166 448 1219 500 quo·

117 517 262 567 rideantur.
295 516 398 568 Μίνω
685 507 1219 573 uenoepiuunaignffiuntmerir*

151 593 273 652 Insignem
286 591 434 654 ρίωνωναννν]
451 591 557 655 Lyciam
574 590 649 654 cupio
685 593 740 635 tum
759 585 865 649 pluralis
882 584 944 635 sint.
985 584 1101 648 Contra,
1120 585 1220 648 quola

116 666 291 730 exedjunctis
300 668 410 731 sagittis.
439 665 650 730 ltaquciusiguls
685 659 1086 723 himsuoudicimus,seddsua
1117 660 1220 710 servin.

118 742 249 805 pharetra,
260 743 337 792 eliam
348 744 436 806 Lycia
454 742 521 790 Vide
532 741 590 791 AEn.
599 750 649 789 vn.
717 735 810 798 Aureo]
837 734 984 784 Poitarum
1002 736 1074 797 loca,
1092 736 1137 799 qui
1152 748 1220 800 equ

116 817 151 866 ad
182 817 255 878 illud,
281 818 461 881 ‘Lyclamque
483 815 650 881 pharetram!
685 818 778 861 ommt
795 809 889 873 aureis,
906 811 1101 874 argenteisque
1119 809 1221 860 illustrat

117 891 154 941 Et
162 898 225 941 nota
235 892 386 941 varietatem
396 893 518 956 poeseos:
534 890 570 939 ibi
582 891 650 939 cele·
687 888 796 937 Basilius
825 889 851 938 iu
874 889 952 938 Orat.
976 888 1040 952 πρίν
1061 890 1221 952 πλακοῦσιν,

116 968 177 1017 hrat
197 969 344 1031 pharetram
364 965 649 1031 Lyciam,hicsagittes
665 992 667 997 <
686 964 787 1014 etiamsi
809 964 1028 1028 reprehendens:
1064 966 1173 1028 moal,
1189 966 1222 1015 rrl

107 1044 228 1106 ‚Lyciam
255 1052 285 1092 ot
302 1051 331 1092 tu
351 1044 416 1092 scias
437 1049 573 1105 utramque
594 1054 649 1089 reru
687 1034 1222 1104 §dumnalreprlidbulssdrre'lmhrb-

118 1118 290 1168 commendari
301 1118 334 1166 ab
353 1118 444 1167 eadem
461 1116 593 1180 provincia
605 1115 649 1165 de·
686 1131 718 1163 ra
735 1113 900 1179 χρυσόπαστα,
918 1113 1029 1175 rdrms
1048 1115 1165 1179 haeum
1177 1132 1222 1167 sss·

118 1193 190 1243 bere.
223 1194 283 1242 Alia
293 1193 384 1241 similia
393 1194 418 1241 in
431 1193 478 1240 hoc
490 1192 566 1240 Vale.
584 1190 650 1253 Pyr·
685 1191 783 1252 μοῦπεν
804 1189 859 1240 robe
876 1182 976 1240 ἵππων
992 1192 1078 1255 dureo
1104 1191 1221 1253 Μίνων

116 1269 163 1316 rhu
173 1275 201 1316 et
211 1267 357 1316 Deucalion
372 1267 462 1316 orbem
479 1265 650 1315 restituerunt
686 1267 783 1331 Fraeao,
792 1283 866 1327 m,
874 1267 1005 1331 frontalia,
1016 1273 1137 1330 meu
1147 1268 1225 1331 aaa,

112 1343 222 1405 jactatis
241 1342 385 1406 lapidibus:
411 1349 542 1394 ettamen
557 1342 648 1406 Eulog.
686 1346 1226 1410 atquecaremoyeliupsrpursuequssm

117 1434 154 1468 rr.
187 1419 278 1470 ‘Hinc
299 1419 398 1483 lapides
421 1418 531 1482 Pyrrhus
545 1415 650 1480 jaros?
687 1421 867 1485 immadidet
875 1426 947 1485 utque
958 1437 1067 1485 rossus.
1086 1421 1223 1486 Apuhlm

116 1496 185 1545 nulla
208 1494 280 1546 facta
305 1496 435 1544 mentione
461 1495 519 1543 viri.
553 1495 652 1543 Contra
687 1497 752 1546 ‘Me
763 1497 875 1561 phaleris
886 1497 982 1559 aureis,
993 1504 1025 1546 et
1036 1495 1226 1561 iuuatisephlp·

117 1572 170 1622 Gc.
187 1586 208 1622 1.
235 1573 401 1622 ‘Deucalion
420 1586 529 1621 vacuam
552 1571 651 1633 lapides
687 1570 745 1636 piis,
760 1579 788 1621 et
804 1571 943 1636 purpureis
966 1572 1078 1636 tapetis,
1101 1578 1130 1621 et
1144 1570 1224 1622 aaa

114 1648 229 1711 jactavit
244 1649 270 1698 iu
287 1648 392 1710 orbem,’
409 1647 479 1696 nulla
495 1645 566 1696 facta
582 1660 651 1694 men·
687 1650 824 1714 argenteis,
845 1657 873 1698 et
900 1649 1039 1714 pictilibus
1060 1649 1181 1711 baltheis,
1199 1654 1225 1698 ei

118 1727 190 1774 tione
202 1727 297 1776 uxoris.
330 1726 363 1774 ln
374 1725 423 1774 hoc
434 1725 451 1773 l.
467 1724 563 1774 Cacum
573 1730 652 1773 vocat
688 1725 865 1776 tintinnabulis
887 1728 1042 1790 perargutis
1060 1723 1225 1777 exornam'

113 1798 169 1862 jam
180 1800 364 1862 semilonium,
372 1801 429 1864 jam
439 1797 583 1858 semiferum.
621 1799 651 1849 0.
689 1800 742 1851 Par
752 1801 906 1865 splendorin
915 1802 971 1852 istis
979 1801 1225 1867 AppiauiinMith·

151 1881 198 1927 167
215 1878 282 1924 Auro
298 1877 362 1924 dedii
381 1874 547 1936 immersam]
575 1875 651 1939 Legi-
688 1877 736 1928 rid
755 1877 794 1927 mul
812 1877 891 1926 ῐπννν
907 1877 1016 1939 χαλινοί,
1037 1878 1079 1927 καί
1095 1875 1225 1941 rpocrepb

118 1959 162 2000 tur
174 1958 202 2001 et
212 1951 351 2000 intertexto
385 1951 420 2000 Et
431 1949 541 2013 figurate
553 1950 651 2000 dictum
688 1956 734 2017 bra,
748 1955 787 2003 aul
804 1951 916 2013 ίιννμῐίω
934 1952 1016 2003 adm
1027 1953 1113 2015 ὁμοίης
1128 1952 1225 2012 dodanta,

118 2032 169 2086 est,
193 2025 364 2076 intertextum
385 2040 475 2075 aurum
503 2024 651 2076 habentem.
687 2031 727 2079 md
745 2027 901 2093 mima.
926 2032 1055 2094 umam
1068 2031 1161 2093 fram,
1174 2045 1224 2094 μν-

119 2101 226 2151 Μίνω.
687 2108 1226 2170 torulimtergmmlmomm'upmitergmis

149 2177 550 2243 somammexmmunssomauo
559 2175 651 2226 codice
687 2186 903 2244 maslaum.
938 2180 1039 2230 Cerdo.

117 2254 205 2315 legere
224 2261 274 2315 est,
296 2254 433 2304 interimo.
466 2253 518 2303 Sed
536 2254 651 2303 intertex-
720 2253 814 2316 Pullus]
834 2254 895 2305 Nisi
913 2255 1020 2317 placeat
1041 2255 1225 2315 Pullmutiu

119 2334 169 2377 tum
181 2330 279 2379 melius.
313 2329 420 2376 Pierias.
686 2330 946 2395 plerisqueveterum
967 2332 1147 2380 monumentis
1158 2340 1225 2381 uota·

151 2407 305 2469 chlamydem
314 2420 372 2453 uero
383 2403 548 2465 intertextum]
563 2401 651 2464 Signa·
688 2411 743 2453 tum
763 2413 812 2454 est.
844 2408 881 2454 Et
899 2406 961 2470 quia
978 2421 1077 2455 nomen
1096 2408 1124 2455 id
1144 2423 1161 2456 νι
1178 2420 1225 2464 uon

117 2488 158 2530 tus
181 2490 287 2531 ornatus
304 2479 456 2541 chlamydis.
490 2477 532 2526 Sic
551 2478 607 2527 AEu.
623 2491 649 2526 ν.
687 2483 806 2544 recipere
826 2479 906 2530 tradit
924 2480 1039 2542 Probus,
1059 2489 1133 2533 certe
1151 2483 1223 2546 genl-

114 2562 122 2586 ‘
136 2560 238 2608 Victori
249 2558 408 2620 chlamydem
418 2556 552 2606 auratam!
567 2556 651 2605 Tacit.
687 2563 749 2605 nalo
759 2557 849 2606 saltem
858 2558 875 2604 ll
884 2556 1056 2606 scribendum
1067 2559 1129 2607 erit.
1157 2559 1222 2609 Pier.

116 2633 186 2681 Anu.
199 2647 250 2681 xri.
267 2633 424 2694 ‘chlamyde
443 2633 550 2680 aurata!
577 2633 651 2696 Spar·
722 2638 769 2681 169
784 2634 874 2681 Juaclu
891 2637 926 2682 eat
944 2633 1006 2680 mihi
1023 2633 1120 2692 fudere
1129 2632 1223 2696 moira]

117 2710 180 2757 tien.
203 2709 229 2755 in
253 2706 380 2756 Hadrian.
400 2707 486 2755 ‘Cum
508 2722 523 2755 a
542 2708 652 2757 Pharas·
688 2705 808 2773 Antiquis
818 2709 937 2759 amicitiis
949 2711 1133 2774 perduchisie
1144 2710 1222 2774 hospi·

114 2800 189 2836 mane
200 2785 256 2847 ipse
273 2784 388 2846 ingentia
405 2783 473 2830 dona
489 2783 650 2847 accepisset;
689 2784 762 2834 tium.
796 2785 900 2835 Senias.

114 2871 193 2927 atque
205 2862 348 2925 interhaec,
359 2868 572 2926 auratasquoque
583 2864 650 2912 chla-
722 2865 768 2908 1⁷⁰
786 2860 908 2922 Crastino]
944 2859 987 2910 Ad
1007 2862 1058 2910 hoc
1080 2864 1219 2926 exemplum

115 2938 206 3002 mydes
218 2938 367 2986 trecentas?
387 2937 439 2986 Sed
451 2937 565 2986 notanda
576 2939 650 3002 Virg.
688 2935 778 2985 Claud.
792 2939 870 3000 Rapt.
878 2938 895 2986 l.
907 2950 938 2985 ιν.
950 2937 957 2963 ‘
969 2937 1095 2988 Crastina
1105 2940 1221 3003 puniceus

114 3015 203 3078 verba,
220 3029 295 3078 quam
307 3013 350 3062 alii
369 3019 478 3062 duratum
497 3014 650 3077 chlamydem,
687 3025 745 3061 cum
755 3013 799 3060 Sol
808 3013 938 3061 detexerit
947 3014 1039 3062 ortus)
1051 3016 1127 3078 virg.
1134 3018 1220 3064 iterun

112 3091 169 3154 ipse
181 3105 240 3138 uero
258 3084 422 3149 intertextum,
434 3096 464 3137 ut
479 3090 516 3138 sic
528 3090 652 3152 explicet,
687 3086 712 3133 in
733 3087 790 3136 AEn.
809 3101 861 3136 xrs.
878 3088 957 3136 ‘cum
975 3089 1091 3151 primum
1115 3090 1220 3140 crastina

114 3167 379 3218 curdicaturcurulu.
406 3169 483 3229 Ergo,
494 3181 545 3216 non
556 3173 651 3230 ueruto,
687 3164 753 3211 coelo
772 3163 893 3213 Puniceis
914 3165 1022 3214 invecta
1040 3166 1108 3215 rotis
1128 3167 1220 3216 Aaron

115 3246 176 3309 quia
192 3250 293 3292 tantum
312 3245 345 3292 ad
366 3257 437 3292 oram
457 3258 516 3291 cum
539 3258 610 3304 auro,
621 3252 651 3292 ut
687 3241 811 3290 rubebit!
845 3243 930 3290 Cerdo.

116 3321 196 3368 visum
229 3320 356 3368 nonnullis
385 3318 572 3367 humanioribus
602 3319 651 3367 arvi
721 3322 766 3367 171
783 3318 883 3367 Ammo
903 3319 970 3366 loelos
992 3318 1129 3382 dimittam]
1159 3317 1219 3368 Hac

114 3397 164 3443 mei
176 3394 354 3458 principibus:
382 3394 427 3442 sed
440 3393 562 3456 quintolo
578 3394 652 3442 s'mer-
687 3400 746 3441 sunt
764 3392 961 3456 pauca,quibus
978 3393 1107 3442 auxilium
1121 3392 1219 3458 pollice·

72 3477 75 3483 ’
114 3475 251 3520 lextuouro
264 3475 413 3532 olympam.
439 3470 511 3518 Beue
523 3470 611 3533 itaque
623 3471 649 3520 S.
687 3474 739 3516 tur.
775 3469 879 3517 Servius.

114 3547 206 3598 Isidor.
219 3548 325 3610 loquens
333 3547 365 3596 de
379 3544 570 3608 paludamento,
582 3546 650 3610 quod
718 3544 818 3592 Auxilio
829 3545 895 3591 letos
911 3543 1047 3607 dimittam]
1073 3544 1106 3593 ln
1118 3546 1166 3593 boc
1176 3541 1218 3592 eti·

114 3623 254 3675 idemcum
274 3620 418 3682 chlamyde,
435 3620 650 3686 ‘cocco,purpn·
687 3633 728 3667 am
748 3619 859 3680 nomine,
873 3618 964 3667 aarum
981 3619 1124 3669 variatum.
1158 3619 1219 3667 Nuu

113 3712 150 3760 n,
161 3704 189 3747 ct
201 3712 263 3746 auro
275 3696 445 3744 distinctum!
481 3698 567 3745 Cerdo.
685 3701 746 3744 sunt
758 3695 800 3758 qui
811 3695 898 3742 cnsilio
907 3708 956 3756 per
966 3709 987 3756 s,
1005 3701 1069 3744 sunt
1083 3695 1129 3759 qui
1140 3709 1186 3758 per
1194 3706 1218 3753 x,

148 3778 194 3823 168
212 3774 334 3835 Frenaque
344 3771 409 3834 him]
434 3770 561 3820 Poe‘tice:
580 3773 648 3822 Nam
685 3777 744 3818 sunt
761 3769 804 3832 qui
824 3783 872 3831 per
889 3775 1030 3832 utrumque
1049 3786 1069 3818 u
1089 3779 1145 3819 ets
1163 3767 1219 3818 scri·

114 3853 161 3899 deo
172 3850 261 3899 debuit
272 3849 369 3897 dicere.
404 3847 469 3896 Bisa
481 3848 548 3896 enim
560 3863 650 3898 secun·
685 3845 765 3893 bant:
784 3851 811 3893 et
829 3844 945 3906 superius
958 3844 985 3892 iu
996 3846 1173 3895 monumentis
1182 3856 1219 3892 re·

115 3926 177 3974 dum
189 3927 342 3976 Ciceronem
353 3939 403 3973 non
415 3924 546 3988 dicuntur,
555 3925 604 3973 nisi
615 3926 648 3975 de
685 3929 770 3971 terum
789 3921 916 3970 masiliam
937 3935 985 3985 per
1000 3936 1020 3968 x
1040 3928 1069 3970 et
1083 3930 1218 3973 amotarum

114 4003 154 4050 his
167 4017 223 4065 qum
234 4008 294 4050 sont
312 4001 412 4050 numeri
423 4005 521 4049 tantum
534 4001 648 4063 pluralis.
684 3997 883 4045 observavimus.
917 3996 974 4044 Nos
992 3997 1112 4046 uxilium
1129 4012 1162 4046 ex
1178 4010 1219 4046 usu

116 4079 183 4127 Nam
195 4079 287 4127 Cicero
304 4093 352 4141 per
369 4077 504 4140 epistolam
521 4077 610 4139 culpat
619 4077 649 4125 fi·
685 4072 842 4121 eruditorum
875 4071 1057 4121 emendatiore
1079 4074 1240 4127 scribim'

115 4153 177 4203 lium
194 4154 291 4213 diceus,
303 4155 370 4205 male
387 4166 445 4204 eum
463 4151 566 4218 dixisse,
582 4153 648 4204 ‘Di-
684 4149 736 4200 Sed
752 4148 816 4199 illud
833 4148 914 4213 magis
924 4163 967 4199 me
983 4150 1107 4216 moverit,
1118 4148 1218 4216 quouis
