2678 4694
112 264 203 343 11111
461 280 570 333 sors
594 278 794 331 vraroaurr
817 278 859 329 ιιι

114 422 258 489 scriptione
274 421 328 473 luci
345 435 389 472 ιιι.
406 426 465 473 tlt.
483 421 644 473 ‘Arboribus
680 434 738 471 earn
749 419 817 486 apud
829 420 938 473 Grecos
948 419 1103 487 tamapsdl

113 515 175 555 suus
185 499 276 548 borror
286 498 369 548 inest!
401 498 440 547 Ut
450 498 499 547 boc
509 498 566 548 ioco
575 498 644 559 regis
680 497 706 547 iu
717 497 820 561 templis
830 498 891 548 oiim
902 498 1005 548 auditos
1015 512 1083 563 ease,
1096 498 1103 549 1

116 577 187 629 Piri.-
197 577 234 626 sic
244 577 312 639 apud
319 576 411 626 Horat.
418 591 460 639 ep.
466 591 485 626 s.
495 580 534 626 11.
544 577 551 603 ‘
562 575 644 626 Croesi
680 582 722 624 ter
732 573 810 631 docet
820 574 838 626 J
841 608 848 624 .
859 575 986 625 Brodaeus
996 575 1100 627 Mnustt

116 654 188 717 regi!
214 652 319 710 sardis:
345 653 447 703 scilicet
475 653 564 703 domas.
600 653 643 701 De
683 649 825 701 taam.

116 736 196 795 specu
207 731 285 780 etiam
295 728 400 791 dicitur,
409 737 439 781 ut
449 729 516 794 apud
527 735 644 779 unstmm
715 731 760 776 17⁶
778 727 827 776 He
840 727 915 776 noris
928 728 995 777 ssdcs
1009 728 1098 793 epatis]

116 806 136 856 1.
153 819 214 856 vrrs.
234 806 290 855 ‘nt
306 821 398 868 specus
411 814 439 856 et
459 806 521 856 Caci
539 805 645 855 detecta
681 817 757 853 mauu
776 802 876 867 codiee,
896 804 956 865 ias,
976 797 1088 855 unitatis

117 882 238 948 apparuit
250 882 338 945 iugens
351 881 448 945 Repa’
481 882 624 932 samu.
681 879 793 942 legitur:
810 886 841 930 ut
850 881 892 943 ait,
903 880 966 931 Haee
975 883 1050 932 ades.
1066 880 1100 931 ΙΙ

152 961 198 1007 173
220 956 596 1021 Hicseeptrauccipsr01Huc
617 957 644 1005 in
682 955 782 1017 plurale
793 962 842 1006 est.
875 956 1103 1021 lnMeurceomss

117 1032 216 1097 palatio
226 1030 313 1081 tiebat.
346 1031 451 1081 Sensim.
682 1029 735 1079 Sed
744 1030 834 1079 meiius
844 1031 927 1091 neris,
936 1031 1103 1083 utinPoreir

150 1107 202 1158 Hic
220 1112 311 1169 sceptra
330 1106 445 1170 recipcre]
478 1105 511 1156 lu
532 1106 645 1172 antiquis
716 1106 1019 1171 Haemrbsedesepab’s]
1037 1108 1103 1159 Nasu

118 1182 247 1247 plerisque
259 1181 400 1241 codicibus,
419 1184 458 1231 tie
476 1185 569 1245 sceptro
583 1183 647 1232 edri
682 1183 726 1243 plo
749 1183 853 1247 apulum
881 1183 999 1232 Deorum
1028 1182 1087 1235 dari

114 1273 180 1323 psus,
199 1257 247 1307 buc
258 1265 307 1319 est,
327 1257 353 1307 in
371 1259 428 1309 locu
439 1259 647 1309 consistentibus.
684 1258 753 1321 apud
764 1260 909 1309 &manum
926 1260 1006 1309 Turn.
1018 1264 1103 1310 aut

118 1335 269 1398 Quanquam
281 1335 368 1397 piacet
379 1344 406 1383 et
417 1335 479 1397 bisc,
493 1334 527 1384 dc
536 1336 594 1385 loeo
604 1334 648 1383 ad·
684 1349 763 1383 sama.

118 1409 243 1471 rerbium,
254 1410 336 1459 satuti
347 1412 424 1460 edam
436 1424 511 1459 umen
522 1417 588 1472 erat,
606 1425 648 1459 co·
717 1409 801 1460 Ariete
810 1412 879 1474 ceso]
895 1409 954 1461 Hoc
965 1410 1103 1463 merificier

118 1499 195 1536 rums
215 1484 316 1536 laureas
338 1486 484 1536 Cesaribus
511 1486 649 1549 triumpha·
685 1497 736 1532 uua
747 1485 836 1547 palatii
847 1482 928 1535 fiebat
939 1485 1014 1536 iestis
1025 1485 1103 1537 diets

119 1563 187 1612 turis
198 1576 392 1626 excucsrpcre
403 1564 524 1624 laureto,
542 1558 610 1626 qu'od
622 1563 648 1612 in
719 1563 766 1608 1711
789 1560 913 1624 Perpetuis
932 1562 1030 1624 saenis]
1057 1562 1103 1613 Lus

119 1638 267 1702 chentano
278 1638 350 1689 Livia
360 1645 418 1702 post
435 1638 544 1700 Augusti
561 1638 649 1687 statim
686 1633 801 1684 ordinem
820 1639 963 1701 exequutio
983 1638 1103 1689 sedentis

119 1715 225 1778 nuptias
236 1714 313 1777 pangi
326 1714 455 1777 jusserat:
473 1712 564 1776 dequo
576 1715 651 1775 ptura
684 1710 757 1773 jores
768 1711 837 1761 enim
846 1712 928 1761 nostri
945 1713 1103 1779 sedentem

119 1789 266 1839 Suetonius.
284 1790 377 1851 Neque
388 1803 450 1839 vero
460 1788 523 1837 illud
535 1787 650 1837 diasimu·
688 1794 746 1836 tur:
765 1802 840 1851 quem
860 1802 955 1838 murem
975 1789 1103 1841 babuerat

121 1864 189 1927 labo,
208 1866 264 1913 esse
284 1864 387 1914 codices
403 1871 515 1925 veteres,
533 1863 578 1928 qui
588 1878 650 1926 scep-
688 1863 794 1912 cunibus
805 1872 832 1914 et
844 1863 1022 1927 Cretensibus,
1040 1865 1103 1915 nti

121 1945 185 1988 trassr
204 1939 311 1988 unitatis
331 1953 437 1988 numero
455 1939 558 2002 legant:
583 1938 651 2001 quod
688 1945 732 1987 cet
742 1938 768 1986 iu
779 1938 852 1988 libris
862 1939 895 1987 dc
906 1947 984 2003 gente
994 1941 1103 2004 populi!

122 2014 229 2064 aliorum
240 2013 349 2062 arbitrio
359 2013 533 2077 relinquimus.
547 2014 650 2064 Pierias.
688 2012 714 2060 iu
733 2013 827 2077 quibus
841 2014 906 2064 dicit
923 2014 983 2079 qaid
995 2031 1011 2064 a
1022 2030 1103 2083 qusqr

153 2089 250 2140 Prinos
266 2091 373 2139 attollere
383 2089 472 2152 susis]
493 2089 542 2141 Cui
553 2096 580 2139 et
592 2104 652 2138 con·
689 2088 740 2136 rint
751 2096 828 2151 geute
839 2105 887 2155 per
902 2088 1081 2143 imitationem.

121 2164 238 2225 tranium,
260 2163 341 2224 soscea
366 2164 519 2214 annitere.
552 2163 654 2212 Attudit
722 2164 847 2227 Perpetuis
855 2165 954 2229 mus]
977 2166 1010 2216 Iu
1027 2168 1103 2233 ionga

123 2246 210 2291 autem
221 2239 254 2290 ad
267 2240 431 2303 Capitolium,
443 2253 589 2303 moremque
602 2239 653 2287 Ro-
689 2239 788 2302 positis,
806 2247 883 2305 atque
894 2242 926 2291 ad
944 2242 1064 2293 ordinem
1074 2258 1103 2293 as

122 2331 264 2379 manorum,
274 2317 343 2380 apud
355 2332 417 2380 quos
427 2317 590 2376 magistratus
601 2330 653 2363 om·
689 2316 837 2378 exequatis.
871 2317 980 2367 Constat
1002 2319 1071 2368 euim
1093 2320 1103 2373 1

122 2407 168 2442 nes
179 2392 291 2442 fascibus
303 2392 418 2454 insigniri
429 2390 507 2452 soliti,
526 2389 609 2441 fasces
620 2406 653 2441 ex
690 2398 718 2438 et
729 2390 792 2438 alios
804 2392 981 2442 vetustissimis
1001 2402 1030 2445 et
1048 2395 1103 2445 bers

124 2467 254 2530 Cepitoiio
275 2469 326 2515 rite
342 2473 371 2514 et
387 2481 457 2516 more
473 2467 598 2530 mrjorum
610 2467 653 2515 de·
691 2464 848 2526 temporibus
866 2466 986 2516 sedentes
997 2470 1101 2531 epulari

124 2541 267 2592 sumebant
301 2543 348 2591 Est
370 2548 398 2591 ct
421 2543 452 2590 ad
474 2542 542 2592 idem
563 2543 653 2592 allusio
691 2546 867 2601 persequtus
884 2542 1103 2604 (incusetur

124 2617 229 2679 elegans
249 2616 317 2679 apud
338 2617 424 2667 Tacit.
444 2617 512 2667 Anu.
532 2617 579 2667 tib.
604 2632 652 2670 xx.
691 2616 827 2666 Orientem
836 2619 972 2683 hodieque,
980 2623 1103 2675 accubuit

123 2692 169 2743 ubi
180 2692 311 2743 inducitur
321 2694 461 2743 acerrimus
477 2694 575 2743 uertite
586 2695 653 2758 Pop.
691 2698 720 2740 ct
735 2692 799 2741 eser.
814 2705 903 2742 xxvrr.
915 2699 956 2743 15.
989 2698 1034 2747 De
1053 2698 1103 2749 ritu

124 2767 200 2820 Rom
214 2766 351 2817 instinctor
369 2767 538 2833 cooriturque
557 2770 653 2817 'Pullius
692 2765 769 2816 bcndi
779 2770 1006 2838 videntnrbipsius
1017 2775 1101 2843 Autiq

123 2843 285 2905 Valentinus,
311 2842 476 2893 dIssuadente
497 2844 568 2896 Jurio
589 2844 654 2895 Aus-
692 2842 709 2889 1.
717 2844 960 2909 xrrr.nd'1'acitum,
977 2857 1006 2898 et
1016 2849 1103 2903 ms

123 2917 193 2983 pice,
204 2926 232 2967 et
243 2918 315 2981 pacis
326 2918 391 2967 bona
402 2917 559 2970 dissertante
576 2927 604 2969 et
615 2935 653 2970 as·
690 2922 719 2966 et
728 2917 762 2966 G.
772 2919 903 2971 Stuckius.
938 2922 1086 2975 reum

124 3001 236 3058 serente,
255 2992 375 3058 subjecta
385 2994 593 3057 praecedentibus
605 2998 653 3046 buc
723 2994 849 3058 Perpetuis
856 2998 951 3062 morus]
967 3000 1010 3052 De
1021 3000 1103 3053 accub

125 3072 256 3120 clausula:
274 3069 369 3125 ‘Quod
390 3070 457 3121 bellu
473 3074 569 3135 caput?
586 3075 653 3122 uude
691 3088 746 3123 rum
758 3074 879 3136 legendus
891 3075 1007 3124 Mercur.
1023 3077 1103 3129 deaut

122 3147 166 3210 jus
187 3147 379 3212 auspiciumque
396 3147 550 3210 peteretur?
570 3163 653 3213 quem,
690 3163 711 3198 1.
724 3154 763 3198 11.
798 3149 940 3198 Emmenerr.

125 3221 253 3271 deuecta
264 3221 451 3284 provenissent,
470 3222 557 3271 sedem
576 3223 654 3287 impe·
724 3230 770 3275 177
792 3224 912 3286 Veterum]
940 3226 1103 3290 Perpetuam

125 3296 165 3347 riu
180 3297 313 3359 legerent?
332 3298 452 3347 Nondum
460 3297 584 3348 victoria:
597 3299 654 3362 jam
693 3307 755 3350 tum.
772 3299 867 3349 Tibuii.
882 3301 943 3349 ‘Sic
955 3305 1054 3352 veteris
1065 3306 1103 3355 ser

125 3370 271 3441 discordia,’
293 3376 341 3421 &m
375 3373 407 3422 In
424 3387 454 3422 eo
471 3374 596 3438 siquidem
615 3382 655 3424 tu·
692 3375 841 3425 1111ῐί11νί)
874 3374 959 3424 Atini:
978 3378 1103 3431 ‘Ritusr

125 3447 218 3511 multu,
237 3449 373 3512 potiusque
384 3449 452 3498 beiio
464 3451 545 3513 justo,
559 3452 655 3501 Galbia-
693 3467 724 3501 co
746 3451 855 3499 traditus
874 3459 948 3501 extat
968 3458 1036 3504 arel
1069 3456 1103 3507 Et

125 3536 183 3577 rum
194 3522 314 3573 civitates
324 3538 383 3571 cum
395 3522 534 3588 foederatis,
555 3527 654 3576 incerto
693 3532 700 3555 ‘
712 3527 865 3588 (substulit,
883 3543 898 3575 a
916 3527 1002 3592 priseo
1020 3531 1103 3585 trudit

125 3597 245 3661 imperio,
262 3598 548 3661 eusequammulatione
560 3601 654 3650 bellum
693 3601 758 3651 avo!
789 3603 840 3651 Sed
858 3603 915 3666 quis
925 3605 1010 3654 nescit
1028 3604 1103 3658 suma

124 3680 284 3735 suscepturae
305 3672 468 3736 ridebuntur,
490 3676 559 3725 nulio
581 3677 655 3741 duce,
692 3679 769 3727 num?
786 3679 842 3743 quis
853 3693 903 3728 uon
916 3695 973 3745 quae
985 3681 1103 3748 deatriq

126 3751 169 3799 vei
189 3750 346 3813 imperatore
366 3751 517 3816 constituto,
537 3753 564 3802 iu
584 3755 655 3820 cujus
692 3756 757 3818 sitae,
773 3756 917 3817 abatricie,
933 3757 1103 3822 etantiqutts

127 3827 207 3876 verba
219 3827 360 3890 juraretur.
395 3826 535 3878 Germanas.
693 3846 734 3880 co.
763 3832 1103 3895 OrrosVirg.‘asoeretere

161 3905 208 3951 174
229 3901 304 3949 Curis
320 3904 442 3968 tempium]
462 3906 537 3967 Ossia,
552 3912 581 3953 ut
592 3905 656 3953 dixi·
693 3908 711 3956 1.
727 3920 788 3955 vrrr.
807 3906 943 3970 ‘clarique
958 3906 1021 3957 dein
1041 3918 1103 3961 stu

128 3989 184 4025 mus
193 3991 278 4040 supra,
288 3978 360 4026 curia
371 3992 423 4028 nun
434 3987 475 4030 est
485 3981 533 4031 uisi
543 3980 569 4029 in
580 3995 657 4043 augu-
694 3980 797 4046 putres!
830 3983 915 4033 Cerdo.

129 4053 262 4107 rstoIoco.
294 4054 399 4105 Serniso.
727 4058 1103 4120 &nominandumque

161 4126 216 4180 rios
237 4128 285 4181 iiiia
306 4130 372 4185 cario
397 4131 657 4199 temptamusque,
694 4133 761 4184 Sane
781 4133 977 4200 intelligendum
994 4142 1045 4202 est,
1065 4136 1103 4189 its
