2678 4694
112 272 227 413 Q·
462 302 573 355 nora
593 302 796 363 naaionurr
819 302 861 360 nr

113 449 193 503 ovid.
203 449 272 499 Met.
290 460 330 497 rr.
347 450 493 510 emautam,
508 447 516 476 ‘
529 447 646 498 &uuida
680 449 855 511 serenarerit,
862 448 1214 516 raltmqueremirerltllloe,

115 526 150 575 (le
171 525 260 588 nigris,
283 532 310 573 et
332 524 366 572 cla
385 523 554 574 candentibus
571 524 645 574 atra!
682 525 733 578 Qui
750 540 836 575 secum
854 534 937 576 terras
954 525 1148 592 imperiumque
1164 543 1214 579 ma·

114 601 161 651 nbi
170 598 271 650 candidu
281 602 360 662 nigris
376 599 493 663 opponit.
526 598 646 663 AVirgi·
681 602 762 651 vent!
792 602 844 652 Sed
861 603 1115 653 mreisunt'versas
1127 603 1215 654 Horat.

114 678 151 727 lio
160 677 327 741 corrigendus
345 677 461 726 Tibullus
472 691 503 726 u.
516 682 539 725 l.
551 676 596 726 ubi
613 677 646 725 de
683 679 759 742 epiat.
771 692 792 729 ι.
803 682 843 729 1⁸.
853 678 968 742 petentis
979 694 996 727 a
1006 679 1116 739 inania,
1132 680 1214 730 rideat

116 755 221 819 Samum
236 751 332 802 ‘fulvis
350 752 521 801 circumdatus
532 751 595 816 alis,’
611 755 646 802 le·
684 769 734 818 qna
743 756 879 804 occasione
886 755 1015 805 canum
1026 769 1077 818 pro
1085 770 1114 804 se
1125 754 1216 805 aluta

117 828 333 895 gendumsnscir.
367 828 463 878 Cerda.
683 830 848 892 ίδίνιΙίεΙιιι,
862 831 975 882 sileatur
994 831 1059 894 erit,
1075 832 1215 897 rideuique

149 906 316 971 Amplectilur]
343 905 386 955 lta
407 907 473 955 Stat.
499 904 582 953 Theb.
604 916 645 953 ιι.
684 914 790 970 poscet,
819 907 861 956 Ne
892 906 979 956 studio
1007 909 1093 957 nostri
1118 922 1215 972 peccet,

115 986 195 1035 ‘Noa
214 984 294 1047 lavet,
310 990 338 1032 et
359 989 433 1045 grata
455 980 576 1044 profugos
594 994 646 1028 am·
684 982 821 1047 odiumque
843 983 938 1033 libellis
951 983 1065 1032 Sedulus
1086 985 1215 1048 importes,

117 1058 260 1123 plectitur!
293 1059 384 1108 Etlr.
403 1058 553 1119 ‘Noxque
566 1063 647 1104 terra·
683 1073 764 1122 opera
774 1060 928 1109 vehemente
938 1058 1075 1110 minister)
1109 1062 1194 1111 Cuia.

115 1148 173 1183 rum
189 1136 299 1198 caelique
319 1130 565 1195 amplexalaborea!
607 1132 646 1181 111.
715 1137 806 1200 Aureo]
823 1138 918 1188 Similis
938 1153 1009 1202 sarpa
1027 1138 1100 1189 nitor
1121 1140 1147 1188 iu
1168 1139 1215 1188 Pa·

150 1209 288 1273 aru1alae
305 1209 376 1257 necti
396 1207 500 1257 dantur.
534 1208 594 1255 Eur.
611 1207 647 1257 0-
683 1213 871 1278 itisomuibus,
886 1224 915 1264 et
932 1215 959 1263 iu
975 1230 1028 1264 uuo
1040 1215 1158 1265 Homero
1174 1226 1215 1266 ee-

117 1296 179 1336 rcst.
207 1286 250 1335 ubi
271 1301 322 1334 uox
343 1286 488 1346 invocatur,
503 1282 572 1348 μόλε,
586 1281 647 1345 pius
684 1290 798 1357 pissime,
812 1291 838 1339 iu
857 1291 928 1354 cujus
947 1290 1051 1355 paginis
1068 1290 1217 1355 frequentis·

116 1362 276 1425 aerumpna:
294 1362 564 1425 semanimem.
596 1362 647 1413 un·
683 1366 746 1415 rime
774 1366 807 1415 de
831 1367 949 1416 Deorum
977 1374 1085 1428 ornatu,
1111 1379 1215 1431 quorun

116 1440 174 1488 nius
193 1438 462 1488 Annal.xv1.‘Nox
481 1437 648 1502 quandome·
683 1439 762 1505 edes,
791 1441 920 1500 cubicula,
947 1455 1051 1503 currus,
1079 1442 1216 1503 thalem

117 1518 166 1567 diis
182 1516 545 1581 signispraeeiuctavolabatl
576 1515 645 1565 stat.
670 1528 771 1591 parea,
786 1525 917 1581 argentea,
933 1517 1019 1566 nitida
1036 1519 1133 1566 omnia.
1170 1518 1217 1567 Eu·

116 1592 198 1643 'l'lrcb.
219 1607 249 1642 rr.
271 1594 378 1658 loquens
400 1593 433 1641 (le
455 1600 544 1656 uncte,
558 1593 566 1620 ‘
578 1592 649 1642 volat
684 1593 901 1657 ripld..Pbuuiss.
912 1593 1051 1643 Palladem
1061 1601 1140 1643 vocat
1150 1606 1217 1655 m·

118 1668 226 1717 umbra!
259 1669 335 1717 idem.
683 1667 780 1721 ὄπιδα.
839 1670 964 1721 Οοιινίνίι
991 1671 1112 1719 Deorum
1150 1667 1215 1734 apul

150 1749 198 1793 870
216 1745 343 1792 Extermtu
361 1742 449 1806 mutar]
465 1743 530 1793 ldeo
549 1743 658 1808 territe
686 1746 777 1797 wsb.
796 1748 815 1796 l.
832 1760 872 1796 rr.
884 1745 1000 1809 χρυσείοις
1014 1744 1129 1796 κανέοισι.
1163 1745 1217 1797 Cal·

118 1820 281 1885 quiamuter.
316 1819 421 1868 Seruius.
685 1822 808 1873 limaclrus
827 1821 853 1870 iu
871 1821 976 1884 Hymuo
993 1821 1042 1870 dut
1061 1820 1216 1886 Apolliaiiu·

152 1896 275 1961 Tumultus]
290 1895 552 1945 Gallicustumultut.
585 1896 624 1946 Id.
685 1897 844 1960 (iumentum,
867 1895 983 1960 tibnlam,
1001 1911 1102 1961 areum,
1129 1898 1216 1962 pbare-

148 1973 197 2020 ⁸72
226 1971 351 2019 Volcanum
371 1971 515 2034 udbquitm]
536 1971 648 2020 Tantum
687 1979 762 2036 tram,
777 1975 870 2037 lyram,
885 1973 997 2035 calceos,
1012 1972 1103 2022 omnia
1123 1971 1218 2036 χρύσεα.

118 2050 215 2100 babens
231 2052 298 2115 spei,
314 2057 437 2115 quantum
456 2065 521 2099 uxor
541 2051 573 2099 de
591 2050 648 2100 viru
685 2053 802 2102 Deorum
828 2051 927 2100 ‘aurea
949 2050 1038 2099 barba’
1063 2051 1218 2101 celebratur.

117 2128 256 2193 concipere
272 2127 368 2178 debet:
393 2134 422 2177 et
440 2133 540 2177 tautum
559 2127 648 2190 tlespe-
685 2128 753 2177 Vide
763 2128 869 2177 Snelou.
882 2127 964 2189 Calig.
976 2142 1001 2175 e.
1012 2130 1057 2176 62.
1092 2129 1168 2178 rum

119 2205 234 2265 rationis,
250 2211 374 2269 qnantum
391 2203 478 2254 odiam
497 2204 565 2255 iuter
577 2203 648 2253 vitri·
718 2209 765 2254 8⁷³
781 2204 865 2254 Dictis
874 2204 979 2252 dicim
986 2202 1099 2265 udrpr'rut
1108 2200 1218 2267 neren]

119 2295 178 2331 cum
200 2288 229 2330 et
250 2280 394 2343 privignum
421 2269 478 2330 esse
506 2280 647 2330 cousuevit.
686 2281 719 2330 lu
737 2286 787 2344 est,
803 2280 881 2330 dictis
890 2278 942 2328 anis
954 2278 1028 2327 addit
1047 2286 1219 2341 venustatem,

120 2357 275 2422 Ergoillum
289 2357 379 2406 fraude
392 2357 514 2407 aduritur.
547 2359 637 2408 Donat.
687 2364 717 2406 ut
739 2357 885 2409 amabiliter
905 2356 961 2419 ejus
985 2354 1109 2404 audiatur
1131 2356 1219 2408 oratio.

155 2434 278 2496 liaciano]
296 2436 332 2483 Ut
356 2436 423 2484 inter
441 2442 541 2484 secreta
559 2434 650 2484 lectuli
687 2434 851 2483 SaueVenns
863 2435 977 2496 petitura
990 2446 1038 2495 pro
1049 2431 1219 2481 tiliodeadul·

119 2517 298 2574 extorqueret,
315 2511 383 2574 qiiod
399 2511 541 2560 illcnollet.
575 2510 648 2559 illem.
689 2509 913 2572 terinprocreato,
929 2509 1075 2556 orationem
1095 2522 1165 2556 suam
1184 2509 1218 2556 iu·

155 2587 278 2648 Thalama]
295 2586 326 2634 ld
338 2594 387 2647 est,
402 2587 428 2634 iu
440 2587 561 2634 thalamo.
595 2586 650 2634 oh·
688 2586 759 2645 genti
784 2591 841 2632 arte
862 2583 1024 2646 composuit:
1051 2584 1122 2647 quod
1143 2585 1218 2634 etiam

119 2668 223 2710 servata
235 2660 325 2707 Po'ctae
338 2662 439 2708 occasio
450 2661 584 2723 aptissima
592 2662 650 2710 bnic
687 2660 817 2708 Vulcanus
830 2660 885 2722 ipse
901 2666 1014 2708 testatur
1024 2658 1126 2722 dicens,
1141 2658 1218 2724 ‘quid

119 2735 240 2786 sermoni.
285 2736 352 2783 Nam
375 2736 400 2782 in
418 2736 539 2795 thalamo,
555 2736 581 2784 id
601 2744 651 2801 est,
688 2750 789 2785 caussas
810 2735 877 2799 petia
897 2750 930 2783 ex
950 2735 1028 2784 altoi’
1071 2737 1133 2786 Nou
1154 2737 1217 2786 euim

118 2814 145 2862 in
170 2815 226 2862 loce
248 2811 335 2861 dicato
357 2810 495 2869 amoribus,
518 2811 579 2874 quid
599 2826 650 2860 nan
688 2821 779 2875 aperta
799 2820 839 2861 est
861 2812 954 2876 petitio
979 2814 1053 2878 ejas:
1080 2816 1127 2864 seri
1149 2818 1219 2880 longo

119 2904 185 2940 uxor
201 2887 420 2952 consequeretur?
454 2886 521 2934 Hac
538 2887 652 2944 sentilla
689 2890 811 2954 prooemio
844 2904 993 2953 perversum
1021 2905 1140 2941 amorem
1166 2898 1219 2941 arte

89 2994 93 3003 ·
120 2975 246 3030 tempora,
263 2980 320 3030 quae
337 2962 651 3014 AEn.1v.dicunturraol-
688 2965 865 3016 circumvenit.
898 2965 1062 3015 Praesentem
1071 2982 1218 3033 ergaquer·

118 3045 217 3104 lissima,
234 3049 262 3092 et
280 3042 360 3090 molles
376 3041 464 3088 adiuta.
489 3040 572 3088 Unice
590 3056 650 3104 qna·
690 3042 785 3090 tionem
803 3042 879 3104 hauc,
895 3055 953 3105 que
971 3043 1093 3092 nascitur
1110 3059 1144 3093 ex
1159 3044 1219 3108 peti·

120 3119 198 3168 urant
208 3120 234 3166 iu
246 3119 313 3166 huuc
325 3118 410 3165 locum
421 3130 510 3164 versus
519 3116 621 3165 Lucret.
630 3117 651 3165 l.
688 3118 756 3167 tione
768 3117 876 3167 Veneris
887 3118 1029 3181 impudica,
1046 3121 1170 3170 solvimur
1185 3120 1219 3169 hir

120 3208 141 3243 a.
154 3195 198 3242 ubi
216 3208 322 3242 moriens
337 3195 474 3253 Venerem,
492 3207 542 3256 quo
554 3201 650 3255 puncto
687 3196 783 3245 modis:
802 3195 884 3258 primo
895 3194 965 3258 qnotl
977 3195 1128 3246 Vulcanum
1139 3210 1219 3247 amore

121 3271 244 3334 temporis
273 3270 369 3319 debeat
399 3277 490 3333 petere
522 3284 612 3331 pacem
635 3287 650 3320 a
688 3272 872 3330 circumreult;
887 3287 944 3322 uam
955 3279 983 3320 et
994 3279 1056 3336 post
1064 3275 1219 3337 completum

120 3346 217 3408 Marte,
234 3348 272 3394 ita
289 3347 340 3395 ait:
358 3344 453 3394 ‘Hunc
466 3352 504 3407 tu,
516 3345 594 3409 Diva,
606 3352 650 3396 tuo
686 3350 828 3398 orationem
847 3351 935 3398 statim
954 3363 1014 3397 eum
1037 3350 1221 3413 complectitur

118 3422 287 3471 recubantem
298 3437 408 3485 corpore
428 3429 518 3470 sancto
536 3422 651 3472 Circum·
689 3433 717 3476 et
728 3426 797 3474 molli
815 3426 934 3488 amplexu
945 3423 1039 3474 fovet:
1057 3426 1220 3477 deiudeuaa·
1251 3416 1262 3441 ⁴

120 3496 177 3545 susa
199 3511 284 3559 super,
307 3512 396 3546 suaves
419 3513 451 3547 ex
473 3512 517 3546 ore
538 3498 651 3563 loquelas
689 3509 717 3550 ta
727 3509 768 3550 est
780 3502 836 3564 ejus
848 3500 1010 3550 occasionem
1023 3504 1159 3565 temporis,
1173 3516 1219 3568 quo

120 3571 218 3634 Funde,
254 3580 346 3635 petens
373 3574 500 3636 placidam
532 3578 653 3626 Remmia
689 3579 769 3626 Marti
792 3593 862 3625 arina
883 3573 1009 3636 faciebat,
1038 3590 1118 3639 quem
1147 3579 1219 3629 luisse

120 3650 217 3710 inclyta
241 3649 349 3711 pacem.’
390 3650 584 3701 Observandum
605 3655 652 3702 ita·
689 3653 787 3703 sciebat
809 3651 967 3710 adulterium
989 3665 1038 3713 Ρθῐ
1056 3655 1129 3717 quod
1148 3657 1219 3705 datar

120 3739 181 3788 que,
192 3738 242 3787 qua
253 3724 389 3772 occasione
402 3725 551 3789 Principem
564 3729 650 3790 adeas,
688 3726 805 3789 intelligi,
820 3726 965 3774 Vulcanum
981 3726 1039 3790 jam
1052 3744 1156 3781 omnem
1171 3746 1220 3782 anr-

121 3798 217 3863 aliquid
229 3799 366 3862 petiturus.
400 3800 527 3849 Martialis
546 3804 651 3853 volebat
688 3803 815 3866 picienem
827 3807 854 3849 et
865 3801 938 3864 iram,
955 3818 1034 3866 quum
1049 3806 1144 3857 babuit
1157 3810 1221 3859 circu

121 3875 217 3924 librum
236 3890 308 3923 suum
331 3874 398 3923 tradi
417 3877 576 3942 Domitiano,
592 3894 651 3928 cum
687 3881 826 3942 Venerem,
842 3879 1006 3943 deposuisse,
1023 3884 1091 3933 adeo
1107 3895 1138 3936 ut
1154 3899 1220 3936 arun

120 3953 196 4001 laetus
207 3960 273 4001 esset
285 3960 343 4015 post
354 3956 451 4016 epulas,
463 3969 513 4003 non
525 3958 650 4006 matutino
688 3957 766 4006 etiam
777 3956 826 4018 ipsi
845 3955 986 4008 fabricaret
1004 3960 1140 4012 adultero:
1160 3977 1219 4027 pre·

71 4093 73 4097 v
122 4035 247 4092 tempore.
265 4028 323 4078 Hoc
335 4029 403 4079 idem
415 4031 471 4080 vult
482 4032 567 4080 careri
579 4033 651 4082 libris
688 4039 762 4081 terea
780 4032 925 4081 Vulcanum
941 4036 1061 4085 uxorium
1079 4036 1161 4088 fuisse
1178 4045 1221 4087 tet-

121 4103 173 4149 auis
184 4104 261 4154 ovid.
273 4105 350 4155 Trist,
362 4120 381 4154 1.
396 4106 432 4155 ‘si
444 4116 540 4158 cancta
550 4111 652 4161 videbis
689 4115 787 4171 tantur,
798 4115 825 4158 et
832 4108 889 4173 ipae
897 4110 1021 4174 Virgilius
1028 4112 1129 4176 dicem,
1139 4117 1219 4164 ‘abac

119 4178 210 4239 uritia,'
227 4188 275 4230 arc.
295 4191 322 4231 et
342 4184 419 4232 Pont.
435 4184 454 4235 l.
473 4199 503 4236 ιι.
519 4188 527 4214 ‘
536 4187 653 4252 Cumque
688 4185 953 4250 pateraeteruoiutnr
963 4188 1106 4241 devinctus
1117 4187 1219 4252 amurej'
