2678 4694
113 312 200 381 2988
464 328 572 378 noun
595 326 797 377 vsurouuu
821 324 863 375 sn

113 470 364 536 mintelliglmus.
396 471 500 521 Servius.
682 472 739 520 loco
750 471 856 535 proprie
867 468 963 535 posuit,
978 462 1204 534 ‘ustoqnegrspi
1247 502 1262 535 ¹

146 552 180 598 26
196 548 317 610 Deiphobe
327 547 424 611 Glauci]
440 547 568 597 Subaudis
576 548 642 614 filio,
681 547 718 596 illi
729 547 871 609 balantum,
881 546 957 611 quina
973 545 1099 596 redibant
1109 544 1205 596 Arma·
1248 574 1262 603 ι.

19 644 27 669 ⁸
114 633 143 677 et
170 632 209 676 en
237 627 368 691 proprium
404 640 494 676 nomen
526 625 642 688 Sibyllt.
681 623 726 672 tn?
758 623 862 673 Seruius.

114 700 304 751 llultaesutem
317 700 429 761 furerent,
443 708 474 750 ut
493 716 571 764 supra
589 701 643 749 dix·
714 698 819 761 intacto]
853 697 996 749 indomito:
1025 703 1065 758 ut,
1095 696 1208 745 ‘lutecia
1241 736 1262 769 Ι

114 776 190 838 imus,
205 792 269 841 quas
289 791 376 826 omnes
393 780 474 826 Varro
491 792 643 826 commemo·
682 773 791 822 totidem
803 770 1059 837 cervicejuvcncas!
1094 770 1167 820 idest.
1243 812 1262 843 ⁴

113 858 169 902 rat:
187 859 214 901 et
225 852 344 915 requirit,
364 866 442 915 aqua
458 852 510 901 sint
525 850 581 901 t'sta
595 853 643 901 llo·
716 847 798 909 Grege
813 849 843 895 de
858 848 956 909 intorto,
971 847 1024 910 qo]
1042 846 1151 906 (ἔπεα
1168 856 1211 909 pro
1244 878 1262 913 -,

114 942 189 978 mana
200 929 364 992 conscripto:
382 936 410 977 et
420 929 492 977 multi
506 935 644 992 sequentes
682 931 799 973 armento
810 925 910 986 posuit:
924 938 981 972 narn
994 921 1213 987 dejuucnclsdlo·
1245 960 1262 1003 ἡ

114 1004 257 1066 Virgilium,
275 1004 368 1054 obhoc
381 1005 520 1053 Cumanam
538 1005 643 1053 dicunts
683 1009 755 1052 turus
767 1011 816 1051 est.
850 1002 961 1067 Proprie
974 1001 1031 1050 AEn.
1052 1014 1106 1050 vn.
1122 1000 1213 1051 ‘Quiu-
1247 998 1262 1059 ζ

114 1085 145 1129 nt
156 1094 214 1143 quae
225 1080 287 1128 licet
298 1080 415 1143 longuis
430 1080 540 1142 legatur,
557 1088 644 1141 tumen
683 1093 733 1141 que
745 1093 837 1141 greges
847 1077 884 1126 illi
897 1078 1037 1139 balantum,
1056 1078 1136 1141 quius
1152 1074 1213 1125 nol
1250 1128 1262 1149 Α

115 1169 166 1205 non
189 1155 264 1204 ualde
288 1156 406 1218 congruit
428 1170 484 1204 eam
507 1170 588 1219 usque
611 1159 644 1204 ad
684 1153 901 1204 bautArmenta.'
930 1153 1213 1215 periniurium
1247 1190 1262 1229 ³

114 1231 244 1294 Tarquinii
257 1239 374 1295 tempora
385 1231 499 1293 durasse,
509 1231 552 1280 cui
560 1232 645 1296 Sibyl·
683 1231 805 1294 intelligit
822 1229 938 1291 ἀδμήτους
958 1228 1018 1286 lidus
1036 1230 1158 1291 Homeri,
1173 1227 1212 1294 qul
1252 1278 1262 1301 1

115 1305 180 1355 linos
191 1306 269 1355 libros
281 1315 382 1356 constat
394 1308 503 1358 oblatos.
531 1310 645 1358 Ducitur
683 1305 894 1356 dooesvellsostioe
910 1307 1002 1368 injugeo
1019 1312 1149 1354 vocantur
1164 1304 1215 1355 lis·
1251 1352 1262 1381 ἶ

115 1389 203 1432 tomen
223 1384 352 1435 Verrunt
370 1385 531 1448 Erythraeam
555 1385 647 1435 credat
683 1384 925 1434 orobiosrr.o.lsoc
943 1389 993 1447 est,
1011 1398 1072 1447 quse
1089 1396 1212 1447 nunquan
1247 1414 1262 1443 -,

116 1458 258 1523 scripsisse,
276 1460 336 1525 quia
347 1468 406 1524 post
417 1462 550 1511 incensum
567 1460 645 1525 Apol·
684 1459 790 1509 domitae
811 1473 841 1508 ac
859 1461 924 1523 jugo
940 1458 1053 1509 subdite
1074 1467 1145 1508 sont.
1177 1458 1214 1509 ln·
1251 1448 1262 1465 ’

114 1534 172 1584 linis
184 1537 317 1600 templum,
334 1538 361 1586 in
381 1554 430 1602 qno
449 1537 560 1600 fucrant,
577 1539 644 1602 opud
684 1538 737 1600 epti
748 1547 833 1586 sutem
845 1538 926 1587 sacris
937 1544 1022 1600 eraut,
1033 1537 1077 1586 vel
1098 1538 1161 1602 quis
1175 1536 1214 1587 ln·
1249 1540 1262 1585 “.

115 1610 254 1675 Erythram
275 1614 391 1676 insulam,
407 1616 433 1663 in
453 1615 516 1664 Asis
535 1616 592 1678 ipsa
610 1616 647 1664 in·
685 1614 754 1678 pium
767 1622 844 1677 essct,
856 1614 936 1664 boves
949 1620 1068 1664 srutores
1078 1614 1215 1677 immolate,

115 1686 262 1738 ventasuirt
273 1690 395 1739 carusius.
429 1691 505 1739 idem.
686 1692 726 1739 vel
740 1692 887 1754 quiamsuu
898 1691 1029 1740 etlsbore
1047 1689 1149 1740 rustico
1167 1689 1215 1754 pol

147 1764 279 1830 Deiphobe]
296 1765 444 1815 Innumeros
464 1782 530 1830 pene
542 1767 646 1817 codices
685 1765 752 1815 lutos
764 1767 920 1816 credebaut:
938 1765 971 1815 de
981 1766 1126 1830 quoTuru.
1137 1776 1214 1816 πω.

115 1837 239 1901 invenias,
258 1841 391 1906 inquibus
408 1843 570 1893 inemendate
587 1844 646 1893 Dei·
685 1847 710 1891 2.
741 1843 886 1893 Tantum.

113 1913 256 1976 ptolomei
269 1917 523 1981 Deipoeoescriprom
536 1920 577 1968 sit.
594 1919 646 1968 Sed
718 1923 750 1967 sn
777 1918 864 1967 Lectm
889 1920 919 1968 de
943 1932 1008 1967 soors
1034 1917 1153 1982 bidentes]
1181 1918 1216 1968 Bt

115 1988 185 2038 enim
201 1999 273 2040 casta
292 1992 370 2042 lectio
391 1993 495 2055 dqsodilu
511 1995 647 2058 Deiphobe:
685 2008 757 2058 more,
773 1996 1000 2060 untiqnoscilicen
1015 2010 1095 2061 quem
1114 2000 1216 2060 prater·
1254 2048 1259 2053 ,

115 2067 155 2115 uti
168 2067 245 2116 etism
256 2067 367 2130 intonans
377 2069 493 2132 iuferius,
512 2071 579 2135 quod
592 2069 646 2120 lere
686 2071 770 2120 misit:
791 2072 862 2136 quasi
875 2079 937 2121 tuuc
949 2069 1068 2120 omnibns
1081 2077 1179 2133 nutum,
1192 2067 1216 2118 id

116 2143 212 2206 passim
224 2144 250 2192 iu
262 2145 396 2195 codicibus
413 2147 534 2209 antiquis,
550 2146 648 2194 librari·
687 2155 735 2208 est,
744 2146 1013 2196 nehabosntcaudam
1024 2147 1217 2208 senissimus

115 2230 189 2268 orum
216 2220 328 2282 inscitia,
354 2221 498 2284 Deipdoeoss
519 2224 648 2286 scriptum·
686 2222 799 2284 linguam
821 2221 916 2283 fissum,
938 2236 971 2270 ue
993 2236 1083 2270 aurem
1107 2222 1217 2286 nigroni

115 2293 235 2345 habetur.
268 2297 373 2347 Pierius.
688 2313 735 2362 per
752 2299 821 2361 quod
841 2297 919 2348 docet
934 2296 1005 2346 aliud
1024 2312 1081 2347 esse
1099 2300 1219 2359 istm,

150 2373 181 2418 81
199 2372 254 2418 Non
264 2371 306 2419 isoc
316 2372 364 2419 istu
374 2371 420 2418 ribi
431 2376 648 2434 tempnsspeotucn·
688 2374 756 2422 aliud
768 2376 863 2422 lectum.
887 2375 1002 2422 Bidentes
1016 2380 1115 2435 nutem,
1130 2373 1220 2424 utdix·

117 2445 140 2492 ln
148 2445 236 2507 poscit]
253 2447 289 2494 Ut
297 2447 493 2510 supradiximus
502 2446 646 2511 Apollinem
687 2449 751 2497 imus
760 2464 847 2512 supra,
859 2463 920 2497 oves
931 2457 992 2497 sunt
1003 2450 1077 2499 circa
1090 2452 1220 2513 bimeturn,

117 2535 162 2569 sex
190 2521 319 2571 mensibus
345 2522 414 2586 apud
433 2524 535 2587 Lycios,
555 2531 583 2572 et
604 2539 648 2573 sex
686 2523 814 2572 habentes
832 2525 895 2573 duos
915 2524 1007 2573 dentes
1026 2526 1220 2576 eminentiores:

119 2595 188 2659 apud
201 2597 296 2646 Delum
307 2598 408 2648 dedisse
428 2614 562 2663 respousa:
587 2602 649 2649 item
688 2608 912 2665 quaeeruutsptae
925 2599 1068 2650 sacrificiis.
1104 2602 1205 2652 Sem

117 2672 214 2723 lectum
241 2682 281 2722 ost
322 2675 384 2723 deos
410 2676 565 2738 aliquotiens
596 2683 650 2724 tun·
720 2678 806 2726 Lectos
816 2676 932 2738 bidem-s]
943 2677 1059 2726 Ridentur
1067 2676 1149 2728 dictas
1157 2689 1224 2742 oves,

117 2753 173 2799 tum
206 2749 330 2812 calendis,
363 2751 515 2815 aliquotiens
549 2760 650 2802 tantum
689 2753 759 2817 quod
772 2753 841 2802 circs
853 2753 977 2802 bimatum
988 2753 1053 2802 duos
1072 2752 1167 2804 dentes
1181 2754 1222 2803 lis·

116 2821 202 2873 idibus
225 2825 375 2874 vaticinari:
397 2842 576 2892 nonnunquam
598 2828 649 2876 diei
689 2829 932 2878 bereutomiuulos:
950 2830 1017 2877 unde
1036 2838 1064 2879 et
1083 2831 1223 2880 undidem

116 2898 267 2965 mimimo,
286 2902 328 2949 vel
345 2902 437 2964 media,
458 2904 498 2952 vol
519 2911 652 2967 postrema
689 2905 776 2955 dictae.
810 2906 969 2954 Glossarium
991 2905 1102 2956 snum
1119 2906 1223 2972 epta-rs

116 2982 202 3041 parte.
235 2976 311 3025 Unde
328 2984 368 3025 est
386 2979 410 3025 in
426 2979 490 3029 Jure
502 2979 576 3044 fissus
592 2982 651 3043 dies,
689 2988 779 3031 vocat:
797 2981 830 3029 de
851 2997 901 3045 quo
919 2982 1095 3033 eruditissime
1110 2985 1224 3049 Scaliger

116 3050 144 3100 id
166 3059 215 3113 est,
243 3067 292 3100 non
317 3060 386 3101 totns
410 3055 554 3117 religiosus:
574 3071 650 3119 quem
689 3058 722 3108 ad
734 3060 838 3107 Festum
849 3068 877 3107 et
893 3058 1003 3106 Varron.
1021 3073 1084 3122 pag.
1106 3060 1168 3110 milri
1185 3063 1224 3110 tl.

117 3141 185 3178 nunc
207 3128 322 3178 ostendit
346 3131 435 3179 diceus
457 3145 507 3179 non
530 3139 650 3193 oportere
689 3142 717 3184 et
736 3139 778 3183 ⁴⁵.
812 3135 905 3198 Neque
917 3148 978 3183 oves
998 3141 1102 3184 tautum
1123 3135 1224 3200 iidemu

117 3208 233 3267 lineum,
245 3210 389 3273 religiosam
407 3209 458 3258 diei
475 3215 576 3273 partem
595 3224 650 3273 per·
689 3210 752 3274 dici,
764 3209 810 3259 sed
829 3216 858 3260 et
869 3216 956 3258 tauros
965 3218 993 3259 st
1011 3214 1100 3261 verres
1113 3213 1158 3277 qui
1168 3211 1224 3263 otnt

117 3285 190 3347 dere,
216 3287 241 3334 id
276 3294 324 3348 est,
357 3287 467 3335 oraculis
503 3300 650 3348 congruum.
690 3286 750 3348 sint,
771 3285 852 3349 docq
869 3286 938 3336 idern
957 3286 1028 3335 Scal.
1047 3286 1081 3334 ud
1102 3288 1184 3351 cirin,
1198 3294 1224 3337 et

117 3362 185 3411 Saue
203 3362 334 3411 sciendum
349 3362 575 3424 poscitlcctionem
595 3376 651 3410 esse
690 3362 805 3425 Aquilius
817 3374 876 3412 xvi.
887 3366 912 3411 o.
946 3362 1058 3413 Quidam
1070 3366 1153 3426 (utet
1165 3365 1226 3428 Ery·

43 3492 51 3503 ⁸
117 3439 260 3488 meliorem.
283 3442 394 3503 Tempus
404 3442 473 3488 enim
485 3440 569 3503 poscit
579 3455 651 3504 spec·
691 3438 754 3499 tlrr.)
782 3446 907 3503 putarunt
935 3437 1041 3487 bidentes
1067 3439 1131 3502 dici,
1154 3437 1224 3504 qnasi

118 3516 215 3576 taonis,
237 3531 287 3564 non
309 3531 325 3563 a
347 3518 504 3580 spectaculis
526 3519 651 3581 poscitur.
690 3515 791 3575 biennes,
804 3513 1039 3564 immissadlitera.
1073 3514 1160 3564 Porro
1168 3526 1226 3564 oros

119 3589 221 3640 uenus.
690 3592 722 3640 sd
734 3591 888 3641 sacrificium
901 3599 1022 3654 excepte
1041 3592 1226 3656 propriedice·

150 3667 244 3731 Poscit]
262 3666 291 3714 lu
306 3666 420 3715 Romano
440 3667 540 3729 codice,
554 3676 654 3731 porcum
690 3666 784 3716 buntur
806 3669 880 3728 lecto,
909 3665 1128 3729 quemadmodum
1149 3666 1226 3716 boves

118 3755 225 3794 nurnero
242 3744 413 3793 multitudinis
431 3751 483 3794 est:
503 3753 531 3793 ut
552 3752 653 3808 tempus
690 3745 790 3806 egregii,
807 3751 835 3791 et
846 3744 917 3806 porci
929 3741 1030 3791 eximii:
1047 3743 1081 3792 de
1100 3757 1155 3808 quo
1169 3743 1226 3793 ubo·

118 3820 154 3871 sit
166 3822 321 3885 appositum,
334 3820 430 3882 quippe
442 3820 510 3884 quod
523 3820 566 3868 alii
577 3835 653 3886 nego·
691 3821 944 3870 riulen.1V.oi.
980 3825 1008 3870 ct
1037 3819 1089 3871 Ge.
1113 3834 1153 3871 lv.
1172 3823 1227 3871 818.

116 3897 154 3948 tio
166 3898 201 3948 sit
212 3897 421 3961 impendendum.
456 3899 559 3947 Pierius.
694 3890 837 3946 Tusbmnan.

153 3978 185 4024 88
204 3977 273 4023 Nunc
291 3989 366 4036 grege
384 3977 413 4023 de
433 3976 654 4039 istuct01Grogem
723 3979 755 4023 12
774 3974 884 4022 Esooioe
901 3975 968 4021 lotus
988 3971 1070 4035 rupis]
1087 3974 1225 4032 Deestcsl,

118 4060 294 4113 proarmeuto
308 4053 401 4114 posuit.
438 4051 655 4114 Nsmdejuveu-
692 4048 740 4098 hoc
752 4061 793 4098 est
811 4049 902 4098 montis
914 4048 1033 4105 Cumani,
1045 4063 1125 4112 quem
1136 4048 1225 4098 Euboi·

117 4125 281 4176 cisdicturus
311 4134 362 4187 est,
378 4127 424 4175 sed
443 4127 497 4176 huc
514 4126 657 4191 perpoiti·
692 4125 717 4177 ci
733 4125 924 4176 habitaverunt.
958 4124 1006 4173 Est
1023 4131 1113 4174 autom
1134 4123 1225 4188 Acyro·

115 4204 312 4256 camliccntlam
342 4219 412 4272 nepe
428 4203 574 4257 confundit.
606 4203 656 4255 lllo
693 4201 770 4267 logia.
805 4199 919 4253 Coloniae
942 4198 1012 4252 enin
1030 4201 1169 4266 epitheton
1189 4197 1224 4253 sti
