2678 4694
120 343 208 410 3380
472 316 581 405 uere
605 355 806 407 usoionnu
833 355 872 405 iu

124 501 182 550 tiso
200 501 266 559 colo,
297 498 395 560 idest,
426 498 461 548 sl>
482 500 551 549 omni
579 505 654 564 porte
691 513 750 546 nam
778 512 826 560 prr
847 499 893 548 lias
915 497 1092 562 periphratts,
1112 502 1207 559 tempori
1247 516 1249 522 ⁸

121 575 189 624 eoeli.
223 575 293 623 Num
315 573 407 622 dicunt
426 570 526 637 pli'ysiei
547 574 580 623 de
600 589 656 624 sex·
691 572 805 622 ostendit
820 573 881 622 anni
896 573 1060 636 totiua‚qum
1077 578 1206 634 etquatuor
1252 591 1254 595 ·

121 649 207 699 decim
230 646 349 713 partlbns
379 650 438 699 creli
462 651 519 714 jaci
540 648 655 700 fulmina.
692 664 748 698 esse
765 657 792 699 et
813 657 899 699 ternos
917 663 1022 700 menses
1038 647 1133 697 habere
1147 644 1207 695 mani-

122 727 184 782 Quoe
201 732 298 787 antem,
316 739 363 789 pro
378 726 479 790 qualia:
497 733 536 787 nt,
555 725 655 774 ‘Hune
692 726 787 778 festum
800 734 847 779 est.
880 727 958 776 Unde
977 726 1054 787 dicit,
1076 726 1129 774 liis
1144 722 1208 772 iniri

121 817 171 867 ego
183 809 218 866 te,
238 803 359 865 Euryale,
376 801 499 865 aspiciol’
510 802 537 850 id
557 808 607 863 est,
618 806 656 850 ta·
690 804 750 852 torti
768 803 861 860 rodios,·
877 803 927 852 lioe
947 811 998 864 eat,
1012 803 1152 866 grandinis,
1165 815 1207 866 qrs

120 868 182 936 loo.
217 880 345 944 nigouoe
357 879 431 940 uicit,
448 879 591 929 iaciemus
606 877 654 927 roi·
691 877 806 926 sonoris
814 891 861 941 ,ior
869 877 998 927 hiemem:
1014 876 1208 938 nummii-i

122 970 182 1006 men
205 956 231 1005 in
259 970 348 1005 corum
374 953 654 1018 similitudinemque
691 968 724 1004 su
732 971 742 1013 ,-
758 955 807 1004 lroc
825 963 874 1018 est,
888 956 967 1017 veris,
986 970 1038 1018 quo
1057 952 1208 1017 temporeti-

120 1031 229 1095 Jupiter
240 1030 309 1094 jacit
330 1037 384 1080 toto
405 1031 480 1092 eoelo,
492 1030 541 1078 lioo
553 1037 602 1091 est,
617 1028 654 1077 di·
691 1029 748 1079 mim
759 1037 819 1079 sunt
830 1031 941 1103 plppite:
961 1039 999 1089 ut,
1014 1034 1022 1058 ‘
1035 1039 1065 1079 et
1078 1031 1126 1079 ruit
1139 1029 1207 1077 imbri

121 1108 203 1173 persis
223 1106 340 1171 partibus
361 1106 429 1168 coeli,
441 1105 544 1154 scilicet
562 1105 654 1154 setde·
691 1103 776 1154 serum
788 1107 849 1155 ver!
860 1106 947 1178 ‘istola'
958 1108 1007 1155 tria
1018 1107 1102 1170 igni„
1117 1108 1161 1156 line
1170 1112 1207 1164 est,

122 1181 183 1231 cini.
218 1181 292 1230 idem.
647 1192 656 1209 ⁶
691 1182 796 1232 mistio.
830 1184 864 1231 iit
882 1183 950 1231 utitis
966 1184 1066 1239 certm-
1088 1183 1206 1242 iderti*
1253 1222 1254 1227 ,

157 1257 214 1305 Toto
229 1270 284 1318 geo.
300 1270 361 1318 qua,
377 1253 431 1317 tro]
449 1253 601 1319 Respondet
617 1254 654 1303 illi
692 1259 784 1319 tumul,
796 1274 846 1321 quo
858 1266 994 1308 ventorum
1005 1259 1103 1308 crebra
1114 1253 1208 1306 somn

123 1332 171 1381 Gr.
188 1329 225 1380 oid
243 1349 272 1379 rr
286 1328 375 1379 πολλά.
410 1331 504 1394 Neque
518 1345 580 1379 vero
591 1345 656 1381 sein·
691 1333 768 1385 mina.
785 1336 820 1383 Et
832 1334 977 1398 prudenter
992 1335 1033 1383 liis
1051 1333 1163 1383 omnibns
1176 1345 1207 1381 ss

45 1467 52 1474 ¹
120 1421 168 1471 per
179 1421 253 1457 casus
265 1406 298 1456 ad
310 1418 434 1460 canonem
451 1405 594 1455 Grammat.
612 1419 654 1456 eu·
693 1416 777 1458 turam
796 1410 921 1473 exprimit
939 1408 1077 1458 fulminis:
1097 1407 1161 1475 qnod
1176 1418 1208 1455 ou

121 1483 161 1532 sni
173 1481 358 1546 responderet:
371 1480 654 1543 inuiolatumque.
692 1499 764 1534 cesse
783 1493 823 1534 est
843 1492 873 1536 nt
892 1500 939 1550 per
956 1486 1041 1535 nubes
1060 1492 1174 1537 nascatur
1186 1489 1206 1530 ct

121 1558 284 1607 Tuubmann.
692 1568 798 1610 ventos:
816 1576 874 1610 nam
892 1561 954 1611 alilii
971 1563 1038 1626 ait,‘
1053 1559 1206 1612 Fui-inini-

154 1639 203 1684 428
231 1634 332 1697 Delicil]
359 1630 520 1685 Quibusdam
551 1631 654 1681 ridetur
690 1630 763 1684 flavit
785 1637 868 1686 ventis
890 1644 919 1686 et
938 1639 1057 1701 contigit
1080 1638 1146 1701 igni!
1182 1636 1207 1683 Et

120 1709 252 1759 humiliter
272 1709 384 1758 dictum:
411 1708 454 1756 iiii
471 1710 500 1756 ile
520 1722 567 1773 pro
578 1707 654 1757 vaide
690 1707 757 1758 bene
776 1711 803 1759 iu
822 1713 959 1761 materiam
976 1713 1208 1762 l'ulminisvertitm

121 1787 269 1849 accipiunt3
285 1787 354 1836 sicut
375 1786 483 1835 diximus
503 1787 584 1834 dcumo
606 1800 653 1850 pro
690 1797 722 1831 et
743 1786 835 1849 quibus
854 1785 953 1837 fulmen
973 1790 1107 1849 nescitum
1124 1787 1208 1844 nubem,

120 1860 274 1918 ualdearno.
309 1862 414 1915 Seruius.
633 1907 636 1911 ,
690 1859 808 1922 imbrem,
831 1872 954 1912 ventum:
985 1879 1056 1927 uam,
1078 1872 1107 1913 nt
1128 1862 1208 1927 physici

155 1936 258 2003 Didicit]
276 1936 391 2000 Antiqua
407 1937 506 2003 aliquot
524 1936 653 2000 exempla·
690 1938 789 2000 volunt,
799 1954 856 1988 cuin
869 1940 952 1989 nubes
964 1941 1050 1991 uentis
1063 1942 1209 1991 veliementer

121 2011 160 2060 ria
170 2011 252 2072 deicit,
263 2013 340 2060 unico
349 2012 370 2075 i,
380 2013 485 2075 leguntq
502 2014 578 2075 longe
591 2026 653 2060 uero
690 2013 795 2076 agitato
814 2022 883 2074 sunt,
900 2016 938 2064 sie
959 2017 1124 2067 incalescunt
1138 2023 1165 2065 nt
1178 2028 1209 2062 ar-

121 2087 196 2150 plura
212 2084 306 2151 dejecit,
324 2101 389 2150 pene
407 2088 497 2139 ultima
512 2094 651 2150 correptet
690 2089 843 2140 condantur.
858 2090 1037 2142 Sanet‘ulmen
1051 2093 1146 2158 triplici
1159 2107 1210 2156 pre

120 2178 203 2228 caque
215 2165 296 2214 dictio
309 2165 431 2228 promenti
446 2173 563 2229 tempore
575 2166 653 2230 pluri·
690 2162 773 2214 ditum
792 2173 924 2229 potestate
946 2176 1006 2218 est:
1025 2179 1068 2218 est
1087 2176 1210 2218 ostentato·

123 2239 169 2288 lius
190 2240 253 2288 locis
272 2241 309 2290 ita
331 2241 438 2305 scripta,
457 2241 542 2302 deicolo
560 2240 654 2300 dciecis,
689 2239 766 2299 rium,
776 2244 992 2307 peremptorium,
1009 2261 1165 2308 praesagum:
1181 2258 1211 2291 or·

120 2329 171 2363 nou
186 2316 278 2375 dejicio,
296 2317 376 2365 scribi
393 2316 530 2382 aliqnando
549 2315 653 2365 solitum
690 2317 856 2366 tentatorium
868 2326 918 2381 est,
928 2335 981 2383 quo
994 2330 1082 2370 terror
1098 2322 1212 2377 incutitur,

123 2393 251 2440 ostendit:
280 2407 311 2441 ac
333 2393 364 2441 ile
387 2392 529 2440 mutatione
550 2392 653 2455 quidem
691 2392 1212 2458 ut,‘Fulgoresuuucliorrifieos,souitnm

121 2466 205 2514 literae
223 2467 232 2514 i
252 2468 276 2515 iu
295 2483 315 2528 e,
330 2470 391 2515 sutis
409 2468 525 2530 superius
542 2467 655 2531 disputa·
692 2482 741 2530 qne
753 2470 919 2532 nietnurque.’
937 2469 974 2519 At
985 2487 1044 2519 cum
1059 2471 1212 2535 dicit,‘llun

122 2547 186 2588 tuni.
220 2543 422 2592 lloeveroloco
437 2543 655 2592 Nomlllnrcellus
691 2543 790 2606 mirque
811 2545 963 2608 sequacibus
987 2547 1058 2605 iras,'
1082 2557 1213 2612 perempto

120 2618 209 2677 dejicit,
218 2618 294 2664 mittit
306 2619 502 2681 interpretatur.
518 2620 635 2679 ¹Pierius.
692 2617 755 2664 rium
767 2617 853 2667 docet.
888 2621 1006 2682 l’raesogi
1024 2633 1114 2672 autem
1130 2626 1162 2672 sic
1173 2637 1213 2671 ne-

154 2695 217 2742 Purs
227 2696 356 2756 inperfecto
367 2698 487 2759 innocuas]
504 2697 655 2761 Apollonius
691 2694 773 2755 minii,
783 2698 790 2721 ‘
801 2696 907 2745 Tertius
919 2697 962 2746 ilie
975 2699 1109 2748 hominum
1122 2703 1214 2750 Diuin-

122 2768 185 2833 Arg.
204 2771 221 2818 l.
234 2784 251 2818 1.
267 2786 342 2819 uuuui
360 2773 459 2820 rodium
476 2770 588 2822 defuimc
600 2774 653 2822 ait:
691 2783 742 2831 que
763 2770 889 2832 interpres
907 2772 1013 2835 ilsylna,
1031 2776 1082 2824 Cui
1099 2776 1213 2839 pecudum

122 2854 149 2894 st
160 2854 248 2895 noster
265 2847 301 2895 sic
319 2846 456 2896 divinitus:
475 2849 561 2912 itaque
573 2848 655 2912 addit,
690 2843 773 2906 libra,
783 2848 842 2895 coli
859 2848 900 2895 cui
915 2848 1005 2897 sidera
1015 2862 1122 2913 parent,
1135 2852 1166 2899 Et
1178 2852 1213 2899 liu·

121 2922 265 2984 ‘Fulgores
274 2938 342 2972 nrrne
356 2924 481 2974 terrificos
492 2925 654 2990 sonitumque
691 2935 748 2984 gille
772 2922 912 2985 volucrum,
932 2932 960 2972 et
980 2928 1097 2989 praesagi
1117 2926 1215 2976 fulminis

122 3005 271 3061 metumque
283 3000 429 3048 illiseeliunt
446 3001 518 3063 operi
529 2999 544 3048 :‘
561 3009 590 3050 et
604 3002 654 3049 alia
690 2996 778 3060 ignis-³
812 2999 934 3047 Nonnulli
952 3015 1014 3049 vero
1033 3004 1168 3052 manubias
1178 3001 1216 3050 toi·

122 3070 344 3136 incomparabilia.
379 3076 561 3139 philosophice
577 3076 653 3126 otiam
689 3071 809 3120 ministris
821 3073 1010 3135 nominibus,iu
1021 3078 1215 3137 melevitano

122 3149 173 3198 tria
184 3149 281 3198 folorini
300 3152 479 3214 attribuitque
495 3153 653 3212 constantim
691 3146 726 3207 ni,
744 3149 832 3210 Marti,
844 3158 871 3198 et
887 3149 985 3199 Austro
1008 3163 1089 3202 vento
1106 3157 1215 3204 ndaemlil

120 3224 227 3285 imbrem,
239 3227 329 3288 nulum,
339 3228 432 3287 iguem:
450 3227 475 3274 id
492 3234 542 3287 est,
554 3242 654 3290 aqueus,
689 3224 844 3287 attributas,
860 3225 928 3290 quod
940 3227 1059 3278 hocloco
1071 3233 1215 3279 ostendunt:

120 3300 321 3364 adrem,ignem.
357 3304 415 3352 Nou
427 3303 494 3351 enim
505 3303 594 3351 excuti
611 3318 654 3366 po
691 3316 749 3350 nuru
773 3319 831 3352 eum
853 3305 928 3367 dicit,
950 3306 1029 3354 ‘Tris
1051 3308 1142 3357 imbria
1165 3307 1215 3358 torti

121 3382 183 3437 test,
194 3377 242 3424 uisi
253 3392 267 3424 a
278 3376 373 3441 frigido
389 3387 417 3427 et
433 3378 537 3426 humido
547 3377 654 3442 fulmen,
692 3377 790 3440 radios:
811 3380 899 3428 Iouem
921 3380 1083 3442 significasse
1108 3384 1216 3448 inteiligi-

121 3451 189 3513 quod
201 3451 312 3499 calidum
333 3462 359 3502 et
378 3454 475 3502 siceum
495 3460 551 3502 est:
570 3469 654 3518 neque
693 3463 749 3515 tnr;
766 3471 823 3504 curn
844 3470 913 3518 vero,
932 3458 1001 3506 ‘tris
1015 3461 1093 3509 nubis
1111 3457 1217 3526 aquosa,

120 3525 175 3573 sine
198 3526 296 3588 inipetu
322 3531 382 3590 erit,
408 3537 436 3578 ct
459 3531 529 3589 loco,
556 3530 654 3579 ideireo
693 3529 1049 3594 lunonemintolligiucuui,
1072 3540 1169 3586 ‘rutuli
1180 3536 1217 3586 tris

119 3601 197 3649 uitem
208 3602 289 3651 dedit.
324 3603 406 3652 Addit
418 3614 545 3667 praeterei
556 3605 588 3653 τὰ
597 3606 629 3653 tii
690 3599 903 3668 igniq’ii‘iorrem
915 3609 989 3657 etsie
1001 3610 1136 3673 adjectum
1146 3613 1218 3662 ‘alitis

114 3677 232 3740 fulgores,
242 3679 266 3726 id
278 3689 327 3740 est,
338 3679 468 3743 limporis:
482 3689 655 3746 eosquelerrs·
692 3683 798 3743 Austri,'
812 3683 889 3732 uenti.
907 3683 959 3732 Alii
972 3685 1032 3737 ideo
1046 3697 1177 3739 ternorum
1185 3705 1217 3738 rc·

112 3753 558 3818 ficor,lic.senlig.Poetelium.
580 3760 653 3807 Toni.
691 3757 789 3807 diorum
817 3758 908 3808 volunt
936 3763 1095 3813 mentionem
1122 3768 1218 3826 soctan,

152 3832 201 3876 429
220 3830 275 3889 ,iiio
288 3831 369 3879 imbris
380 3833 438 3880 lorti
450 3833 538 3896 rudior,
549 3835 596 3883 tn'r
611 3824 670 3883 uss-⁸
691 3838 751 3902 quia
765 3836 860 3886 fulmen
875 3838 1009 3887 trisulcum
1022 3851 1081 3891 eat:
1100 3851 1145 3892 aut
1156 3843 1216 3892 enin

118 3901 154 3950 bis
169 3918 261 3966 equore
271 3909 428 3970 Addiderunt,
443 3909 496 3974 ipe]
513 3912 653 3960 Constricti
690 3913 769 3972 afflat,
787 3922 830 3963 aut
851 3914 1036 3976 incendiqam
1054 3918 1171 3980 dissipat.
1195 3924 1218 3966 et

118 3984 149 4031 et
158 3983 244 4030 coacti
254 3981 279 4029 in
292 3983 449 4045 grandinem.
471 3986 578 4048 Statius,
588 3988 652 4036 ‘sie·
689 3992 696 4017 ‘
710 3990 796 4039 imbris
808 3991 871 4039 torti
884 3990 987 4053 radios,’
1004 4007 1064 4056 pro,
1085 4002 1168 4044 tortos
1184 4009 1217 4042 ra·

117 4052 151 4100 do
169 4070 233 4117 qnos
251 4073 326 4121 asper
342 4060 413 4107 luatu
432 4062 585 4112 Praesolidat
603 4063 652 4112 Bo·
690 4067 760 4125 dios;
778 4065 837 4114 torti
853 4073 948 4129 autem,
959 4068 1115 4131 clemoium
1132 4079 1159 4120 et
1175 4071 1216 4118 ioe

118 4129 193 4175 reas?
228 4132 261 4179 Et
282 4134 424 4197 sciendum,
439 4138 486 4185 lioe
506 4153 565 4186 eum
586 4139 651 4189 velle
688 4142 767 4190 verbo
779 4140 930 4205 frequenter
940 4143 1035 4203 utitur,
1046 4149 1163 4210 quotiens
1173 4147 1216 4194 uim

116 4205 263 4270 medere,
285 4216 341 4260 toto
368 4226 435 4262 anno
458 4213 514 4276 jaci
539 4207 652 4280 ¹fulmen3
689 4217 799 4283 aliquam
810 4218 866 4269 vult
877 4219 1036 4287 exprimere,
1045 4224 1216 4289 uq‘Torqnet
