2678 4694
303 349 448 399 vinctu.
493 348 633 399 arturo.
657 350 723 399 vu.
952 332 1062 403 'otto

82 493 163 546 irim
198 494 319 545 nom
527 491 604 543 ‘lam
615 499 702 543 cestra
712 492 824 542 bostium
835 491 1062 558 oppugnabantur,

82 569 205 634 repertis]
238 570 308 619 Huic
328 569 388 619 loco
407 570 491 620 lucem
530 568 658 633 saxisque,
668 574 696 618 et
706 568 822 630 sudibus,
835 576 863 618 et
879 569 948 618 omui
966 582 1061 633 genere

82 646 120 697 ins
140 646 239 695 Comm
251 651 324 696 reb.
345 660 404 696 cum
423 647 491 695 iuter
530 645 641 696 telorum
657 644 875 694 submovebautur
890 660 906 693 a
924 644 992 695 catto
1007 640 1063 697 Ro-

82 728 195 772 utrorum
213 723 324 784 uomiue,
342 738 373 771 ea
390 738 491 787 qrroque
529 721 612 771 mani!
644 722 743 772 Statius
759 721 778 771 l.
796 735 835 770 rs.
855 721 962 785 ‘pineus
978 731 1061 773 enuat

82 814 125 865 με
140 798 213 849 dicta
229 799 396 861 peculiariter
413 805 491 848 codro
529 798 627 862 stipes)
662 799 752 867 cerdo.

82 872 157 939 lest,
173 874 220 924 sub
239 874 290 935 dio,
307 883 440 938 praecuute
457 875 490 925 ad
561 873 694 924 bitume
715 872 840 937 mesatis]
871 874 915 925 lta
936 874 1061 941 Propert.

82 951 176 1001 »Livio
191 952 208 1000 Ι.
221 964 304 1000 xxrrr.
321 951 490 1015 ‘Agrumque
530 965 567 1001 tv.
586 956 608 1000 l.
630 952 705 1002 ‘Nec
724 952 793 1001 rudis
813 949 913 1001 infestis
929 952 1004 1005 miles
1021 967 1062 1003 ra·

82 1042 118 1077 m
135 1025 215 1089 ferro,
231 1027 333 1090 ignique
351 1034 391 1075 est
412 1026 490 1090 dcpo·
529 1026 616 1078 diabet
628 1029 653 1077 iu
664 1029 751 1079 mmis.
770 1028 917 1079 blieccbaut
927 1036 985 1080 usta
995 1044 1061 1095 pne·

82 1102 165 1152 douec
178 1102 263 1151 coacti
278 1109 338 1151 stitit
356 1103 491 1166 Campani,
529 1102 565 1150 lia
581 1103 650 1152 nuda
668 1102 749 1154 sude!
781 1101 931 1165 Ameriam
946 1104 966 1153 l.
979 1114 1062 1156 xxxi.

82 1179 174 1228 nodum
192 1179 287 1227 viribus
304 1180 355 1228 suis
371 1179 491 1243 fidentes,
530 1178 631 1227 ‘olavus
650 1178 676 1227 iu
695 1186 797 1229 nostros
818 1177 991 1243 conjiciente·
1006 1195 1061 1247 dm·

82 1255 160 1315 ortis,
175 1261 204 1303 et
220 1261 306 1303 castre
322 1261 384 1303 aute
399 1256 490 1305 orbern
531 1253 635 1303 bostar!
667 1256 735 1305 Natu
745 1255 802 1305 hac
815 1270 886 1305 erute
901 1255 1021 1307 Mbarie
1034 1264 1063 1307 et

82 1330 272 1379 »communire'
306 1330 374 1393 Ergo
386 1331 411 1378 in
425 1332 490 1381 Poti-
530 1328 804 1380 rudisaeculousitata.
840 1332 982 1382 ossuum.

82 1404 226 1467 inopertis,
251 1405 302 1454 erit
323 1405 491 1455 subdialibus.
561 1409 609 1455 ⁶2⁵
628 1405 824 1470 Ferreaecipite]
838 1406 1063 1471 Utrinquenoxio.

82 1492 90 1529 t
116 1479 231 1541 dubium,
263 1480 324 1543 quiu
351 1481 492 1544 simplicius
529 1480 604 1529 Dicit
615 1488 700 1531 autem
712 1489 758 1532 aut
766 1480 866 1545 gladios
875 1489 921 1533 aut
931 1482 1063 1546 bipeuues.

82 1554 135 1605 terit
143 1555 280 1619 explicari,
290 1556 412 1607 videlicet
420 1573 492 1622 sper·
529 1555 634 1608 Serrium

92 1638 180 1681 castra
197 1632 229 1681 ad
246 1631 416 1684 effundendus
427 1635 492 1683 mili·
561 1632 683 1695 Seriserro
692 1633 804 1699 ancipiti]
821 1632 887 1697 niori
897 1632 1008 1697 heire,
1019 1635 1063 1696 ip-

82 1707 181 1770 atione,
198 1723 248 1772 qua
265 1709 384 1770 dicimus,
399 1719 492 1773 aperto
528 1708 643 1771 φιπόμφ,
658 1709 791 1772 mito,
805 1707 875 1773 tyge
890 1706 1021 1774 ἂμφιτόιψ,
1034 1719 1063 1763 et

83 1784 169 1848 upisse
196 1785 315 1849 aliquem.
358 1786 402 1835 lta
426 1788 492 1837 Stat.
529 1784 654 1847 ὰμφιγνίφ.
677 1786 830 1835 Theocritus
840 1792 926 1835 autem
935 1785 1063 1835 iurabel·

84 1858 127 1910 eb.
142 1860 161 1908 1.
177 1873 208 1909 ιι.
227 1860 317 1908 ‘densi
335 1861 372 1911 sic
390 1862 492 1925 agmine
529 1861 581 1909 lica
596 1858 752 1924 διακρίνεσθαι
767 1861 844 1924 dixit,
858 1867 888 1912 ut
905 1860 967 1911 abbi
985 1861 1063 1913 docu-

82 1934 492 2001 iuquagiutaaltiesuuduuturiu
529 1937 602 1999 imus,
614 1952 663 2001 pro
672 1939 801 1987 drumm.
834 1937 988 1989 Germanos.

82 2011 160 2061 ortis!
195 2013 281 2061 Cerdo.
561 2016 612 2061 526
627 2012 712 2075 Seges]
726 2013 908 2063 Terremodo:
926 2013 1063 2077 ot,‘0uid

82 2090 176 2138 imm
191 2089 265 2152 omes]
291 2090 451 2140 Ordinamnt
465 2091 493 2140 iu
529 2087 825 2151 faetatlaetsssegetes.'
857 2090 975 2139 Perotru
991 2103 1063 2150 vero,

82 2180 106 2217 e.
138 2165 244 2215 Seruus.
529 2163 644 2215 fertilem
665 2163 806 2229 siguificat,
828 2172 857 2215 ut
878 2164 905 2213 iu
926 2164 1064 2229 Georgicis
1135 2215 1143 2232 ,

82 2239 198 2302 moles]
222 2241 266 2290 Sic
281 2240 408 2304 Apulcjus
425 2243 492 2292 Met.
530 2240 682 2290 ostenditur.
714 2239 821 2290 Seruium

82 2316 157 2383 igitur
168 2318 293 2381 praeliaris
304 2319 391 2381 acies}
407 2318 494 2383 idest,
562 2317 688 2367 Horrescit
705 2318 798 2367 strictis
812 2332 879 2379 seges
894 2317 998 2383 ruebas]
1019 2319 1064 2371 lte

82 2407 104 2445 r.
137 2394 282 2442 Eumenem.
530 2392 557 2441 iu
575 2395 592 2444 l.
603 2406 655 2443 ιιι.
672 2393 841 2458 ‘strictisque
852 2408 926 2457 seges
937 2396 1064 2445 mucroni·

82 2473 187 2535 mustis]
210 2472 267 2519 Proe
279 2471 364 2520 brevis
376 2470 406 2519 fit
417 2485 493 2534 prop·
530 2468 579 2516 bue
588 2469 678 2518 horret
688 2468 802 2519 Ferrea!
823 2470 858 2519 Et
870 2469 895 2518 iu
908 2470 928 2519 Ι.
937 2482 978 2519 ιι.
989 2471 997 2498 ‘
1008 2475 1063 2521 tom

82 2552 165 2599 ratem
178 2546 310 2596 vocalem:
324 2547 393 2610 quod
405 2548 430 2595 in
443 2562 493 2596 uua
529 2544 582 2593 late
593 2543 693 2594 terreus
708 2545 787 2594 hastis
805 2544 905 2595 Horret
915 2544 995 2609 ager!
1027 2547 1065 2599 Et

82 2621 171 2673 ttiouis
186 2621 284 2672 sactum
297 2623 434 2673 tolerabile
445 2632 495 2687 est,
531 2619 581 2669 Ge.
599 2633 630 2669 ιι.
651 2618 793 2687 ‘densique
813 2621 893 2670 virum
912 2635 986 2691 seges
1005 2623 1066 2673 lior·

82 2698 342 2764 rpositurestscrmo.
376 2699 444 2748 Sem.
531 2695 693 2745 ruitbestis!
727 2695 857 2747 Homerus
871 2697 948 2748 llisd.
965 2699 982 2748 Ι.
1000 2712 1063 2749 ιιιι.

82 2774 124 2825 but
132 2775 200 2824 ocris
209 2775 293 2836 egitur
303 2774 425 2824 mdibusue
432 2790 494 2837 prce·
525 2771 634 2835 'Bootes
643 2770 669 2821 tt
678 2769 746 2833 μίχη
756 2770 925 2837 φθισίμβροτος
936 2774 1044 2839 incipet
1055 2793 1061 2824 :

82 2849 316 2913 ouuullistypitibua
326 2852 494 2914 peryprima
531 2849 636 2898 Horruit
651 2856 731 2900 autem
746 2851 978 2914 paguocorraptrix
989 2852 1065 2903 tont-
1147 2852 1150 2859 '

82 2924 213 2975 scribunt:
233 2935 263 2975 ut
279 2925 326 2974 dub
343 2927 386 2975 τοῦ
401 2925 494 2975 erbroo
530 2940 586 2974 aare
603 2926 687 2977 bostis.
718 2927 874 2990 Lycophrou
893 2927 919 2976 in
940 2928 1066 2977 Οιιιιιιᾱ.

87 2998 158 3050 idem
176 3000 245 3048 euim
263 3000 399 3064 siguificat.
432 3003 493 3055 Qui·
530 2999 644 3064 stoma»
664 3003 684 3050 t·
703 3003 765 3051 berc
784 3000 854 3060 ληΐου
874 3004 939 3063 γυῖα
956 3001 1064 3065 Δόγχαιι

82 3084 132 3127 uut
144 3076 350 3141 pertLutinum,
364 3077 402 3126 uti
414 3078 494 3126 etiam
531 3077 733 3133 inmittimus:
757 3077 895 3127 Horrebant
910 3083 938 3127 at
954 3093 1013 3128 eros
1031 3094 1067 3129 se-

82 3170 115 3205 er
128 3156 149 3219 i,
165 3156 280 3220 quamvis
299 3153 406 3216 oritur,
427 3154 495 3203 unde
530 3155 594 3215 getir
606 3154 849 3213 locupletiorum.
883 3153 1065 3218 Ruuiurapud

82 3231 223 3282 deductum
234 3232 333 3294 volunt,
351 3247 423 3296 perp
434 3232 495 3281 scri·
533 3230 650 3280 blacrob.
667 3231 785 3293 ‘Sparsis
800 3230 879 3280 hastis
895 3232 979 3294 longis
996 3246 1066 3282 caur-

81 3323 129 3373 1uar
150 3308 217 3372 apud
239 3323 285 3356 nos
304 3308 330 3357 iu
349 3323 366 3356 u
387 3307 495 3367 transit;
533 3323 580 3370 pus
591 3307 710 3371 splendet
720 3315 748 3357 et
758 3307 864 3356 horret!
897 3307 1066 3359 Alibiiderur

82 3385 145 3435 euim
165 3384 283 3434 dicimus.
318 3385 366 3435 Est
386 3391 414 3435 et
433 3382 495 3431 illud
532 3384 685 3434 ‘Horrescit
693 3384 752 3433 telis
761 3385 890 3434 exercitus
900 3398 976 3449 asper
987 3384 1068 3435 utriu-

82 3462 183 3511 ereiooe
194 3461 309 3524 dignum,
326 3461 451 3525 quamvis,
468 3464 496 3507 ct
534 3459 599 3524 que!
617 3460 729 3510 Pulchre
738 3475 839 3524 quoque
849 3462 958 3512 Nouuus
967 3463 985 3512 l.
995 3476 1068 3515 uu.

82 3538 94 3589 l
110 3537 236 3602 πάρεργον,
254 3537 323 3601 apud
346 3539 376 3586 Τ.
393 3537 494 3589 Liuium
534 3538 626 3586 cristas
637 3538 766 3601 galearum
777 3544 854 3587 vocat
865 3547 995 3601 segetem:
1008 3554 1067 3591 uem

83 3614 134 3665 imo
154 3616 243 3677 primae
263 3613 378 3663 Decadis
395 3614 495 3664 deside·
533 3613 643 3664 deduce
656 3612 1068 3678 quodam,'preillcororipespo-

82 3692 162 3741 breem
179 3698 287 3754 castam,
306 3691 419 3740 ‘sudem
430 3707 496 3755 pree-
534 3689 618 3740 teloio
635 3690 692 3750 aito
706 3689 813 3752 ripum:
838 3691 893 3741 l'elo
902 3690 1015 3740 Bistonio
1030 3705 1068 3739 se·

98 3766 166 3815 Nam
183 3767 220 3815 ita
240 3766 265 3814 iu
284 3766 374 3815 codice
392 3774 496 3817 vetusto
533 3785 589 3818 cans
598 3774 699 3830 segetes,
715 3784 767 3830 que
778 3773 845 3817 erest
857 3769 883 3816 ist
893 3767 968 3816 curiis
982 3766 1068 3828 galeis.

101 3843 158 3892 ‘Ut
175 3843 285 3893 Fecialis
301 3844 399 3893 hastam
417 3842 497 3892 serra·
534 3843 646 3891 Videtur
662 3843 723 3891 mibi
742 3844 810 3892 Stat.
828 3840 937 3891 eandem
955 3855 1010 3890 rem
1029 3855 1068 3891 rs-

82 3934 84 3967 ῑ
105 3918 195 3968 eudem
218 3927 356 3983 praeustam
378 3919 409 3967 ad
433 3918 497 3968 tinea
535 3925 701 3983 presentare,
718 3933 775 3967 cum
793 3917 859 3966 dixit
875 3918 893 3966 l.
909 3929 960 3966 vu.
981 3916 1068 3967 ‘lutis

82 3993 169 4044 iuret!
201 3996 315 4057 Vulgata
330 3995 397 4043 euim
414 4009 498 4044 exeru-
534 4001 592 4043 erat
614 4008 705 4056 campo
730 3993 790 4042 belli
815 3991 941 4041 fluitantis
963 3991 1068 4056 imago!

82 4077 159 4134 egum
185 4071 279 4119 bouum
300 4070 430 4133 serratum,
455 4076 497 4120 ost
535 4072 603 4120 Nam
622 4067 711 4118 Po‘e'tre
729 4069 798 4117 illam
815 4060 944 4131 spicarum
964 4067 1068 4131 agitati·

82 4160 109 4195 rs.
143 4145 254 4196 Pierius.
534 4159 609 4195 ouem
630 4144 715 4193 solent
737 4143 867 4206 explicare
892 4156 940 4206 pcr
961 4140 1067 4195 fluctus.

82 4220 126 4273 bes
144 4221 221 4283 earo,
238 4221 292 4285 tre]
323 4221 414 4278 Simib
435 4221 498 4271 boib
535 4220 627 4273 Claud.
648 4219 676 4269 iu
697 4215 768 4269 Rue.
789 4217 808 4267 i.
828 4229 860 4267 11.
881 4218 974 4281 ‘seges
993 4217 1069 4279 serrl',

82 4304 236 4365 sprueuut
252 4298 341 4351 lirim
360 4300 379 4350 l.
397 4311 498 4351 ιιιιι.
534 4298 610 4351 utut.
643 4296 704 4351 Nou
716 4293 777 4349 binc
792 4292 920 4349 abituote
931 4294 1078 4363 Hugoblt,
