2678 4694
420 372 564 423 vosoro.
593 359 748 422 'munim
771 372 838 422 vrr.
1088 356 1175 423 3261

71 517 370 569 namnlnlrnooo.
401 515 522 566 Meminit
530 516 607 566 etism
646 515 739 566 Aunnl.
757 518 776 566 l.
793 531 812 567 r.
846 516 923 566 Prior
934 530 1089 581 persequens
1104 517 1176 567 iscus

70 600 162 646 noster
171 594 349 644 Eurum.
383 593 524 643 Emere.
646 594 746 656 piscatu
758 594 873 654 nobiles,
890 593 1018 656 posterior
1026 594 1133 656 loquens
1142 592 1176 644 de

106 669 255 719 Raetorum
269 667 358 730 Veline]
377 668 474 717 Velinus
485 669 555 717 lscus
567 671 608 716 est
645 669 846 719 constu'l'iberii
867 671 977 718 volentis
995 677 1112 719 evertere
1130 668 1177 719 tin-

70 744 145 795 eires
154 744 239 794 Reate
254 745 332 808 justu
342 759 441 808 ugrum,
456 745 499 807 qui
512 744 608 793 Reate
645 745 750 794 minuet
762 746 842 803 lucus,
862 759 909 809 per
920 760 983 809 quos
993 744 1109 808 augescit
1125 746 1177 809 Ty·

68 836 118 872 sss
135 828 251 871 rocrtur.
294 823 378 871 Vrrro
391 830 476 871 tanuen
497 823 560 871 dicit
572 823 607 871 la·
646 820 722 871 beris.
758 824 844 873 cerda

10 897 21 907 ’
70 911 134 947 enm
153 896 368 961 bouesquodam
388 898 529 946 consulein
542 896 608 946 Nor·
677 902 724 946 m
744 898 844 947 Tetricae
854 899 973 949 lorrmte'e
982 898 1061 962 rupee]
1098 899 1176 948 Tetri-

70 980 129 1025 tem
139 972 182 1021 rel
194 972 282 1022 Neren
298 970 403 1022 fluvium
421 976 493 1037 (nem
511 980 608 1022 utrum·
644 964 685 1022 eia
696 990 766 1024 rnonr
777 976 802 1024 in
820 975 917 1024 Piceno
928 975 1090 1038 asperrimus.
1125 977 1177 1025 Un-

70 1063 125 1115 que
137 1048 245 1110 dicitur)
252 1063 307 1098 esse
319 1046 452 1098 diffusum:
471 1056 530 1112 post
538 1048 606 1112 quod
646 1050 678 1100 de
699 1052 786 1100 tristes
806 1052 930 1113 homines,
944 1051 1042 1100 tetricos
1058 1051 1175 1102 dicimus.

70 1130 149 1174 tants
159 1130 201 1174 est
217 1138 249 1173 en
266 1125 324 1174 locs
337 1132 428 1174 secuta
438 1122 568 1185 fertilitas,
578 1130 608 1174 ut
645 1126 750 1176 Seniue.

69 1200 153 1250 etism
164 1201 273 1264 perticus
294 1199 480 1263 longitudinem
497 1198 607 1249 altitudo
681 1203 776 1252 Tetrica
803 1204 920 1253 honestis
945 1206 1023 1268 rupes]
1058 1204 1176 1254 Montem

68 1277 365 1342 supereritberbsrum:
379 1278 608 1343 quinetismqusu·
645 1276 712 1326 bunc
729 1277 878 1327 Sabinorum
896 1284 925 1328 et
942 1279 1047 1328 horrore
1063 1280 1177 1343 nubium,

72 1362 130 1403 turn
142 1368 192 1417 per
200 1353 266 1403 diem
276 1354 410 1417 demptum
421 1363 498 1418 essct,
507 1361 608 1404 tuntum
645 1360 672 1402 et
684 1354 785 1418 rupium
806 1355 946 1417 asperitate
958 1354 1098 1404 deformem
1110 1369 1177 1418 esse,

69 1444 121 1495 per
141 1439 233 1480 noctes
249 1430 393 1480 crescebat.
428 1430 506 1483 Quod
523 1432 609 1496 virgi·
645 1435 673 1477 et
689 1429 748 1477 inde
766 1429 880 1479 homines
892 1430 943 1478 dici
957 1431 1072 1492 tetricos,
1083 1432 1177 1495 partlm

69 1508 123 1557 lius
143 1506 177 1557 sd
198 1522 268 1557 susm
289 1508 446 1572 provinciam
467 1509 609 1572 transtulit,
644 1504 757 1568 Servius,
765 1507 859 1569 partlm
871 1506 914 1555 slii
924 1507 1088 1557 adnotarunt.
1111 1506 1177 1556 Inde

69 1584 175 1647 dicens,
189 1586 198 1613 ⁴
210 1586 245 1635 Et
261 1593 382 1650 qnantum
399 1587 480 1646 longis
499 1594 608 1650 carpent
645 1589 694 1639 est,
705 1589 734 1630 ut
746 1583 819 1631 multi
831 1583 856 1630 iu
867 1583 959 1633 Persio
966 1583 1021 1631 Sat.
1031 1597 1069 1631 vr.
1078 1584 1177 1647 legunt,

70 1669 191 1711 emente
202 1661 303 1721 diebm,
315 1661 414 1724 Exigua
431 1668 530 1711 tuntum
544 1661 608 1726 geli·
644 1657 756 1708 ‘Jsrnne
775 1659 841 1722 lyrr,
859 1665 886 1707 et
902 1660 1005 1707 Tetrico
1018 1658 1107 1709 vivunt
1127 1659 1177 1710 tibi

70 1736 177 1787 dueros
188 1743 266 1787 nocte
277 1734 405 1801 repbnet!
437 1737 542 1786 Serene.
646 1734 750 1796 pectine
768 1734 897 1783 cbordaei'
921 1749 971 1783 uon
989 1735 1082 1796 tetrico,
1103 1743 1133 1786 ut
1150 1736 1178 1785 in

106 1812 198 1876 Reus]
231 1816 297 1864 Sunt
322 1813 423 1878 quidem
447 1812 560 1875 codices,
580 1812 607 1862 ln
646 1807 766 1871 vulgatis.
797 1809 1177 1862 Siliusl.vrrr.‘ets'l'etricu

69 1888 169 1957 quibus
183 1890 277 1938 roscido
287 1890 398 1952 legetur,
409 1886 455 1937 sed
472 1888 549 1937 Rosea
564 1902 608 1952 ng·
645 1883 800 1933 comitsntur
812 1898 876 1948 rupe
888 1886 1024 1934 cohortes!
1058 1888 1143 1937 Cerdo.

71 1965 276 2017 nuscitServius
292 1981 307 2015 s
324 1966 375 2014 loci
392 1965 510 2014 nomine:
536 1965 607 2028 leges
680 1959 790 2020 Tetrica,
804 1961 844 2022 ire.
858 1962 1063 2025 macoma]
1094 1964 1177 2015 'l'etri-

71 2050 162 2094 tenen
173 2043 244 2107 spntl
255 2041 377 2104 Plinium,
391 2040 498 2104 ‘Sabini
514 2049 544 2090 ut
555 2041 610 2105 qni·
646 2051 692 2086 cus
703 2052 775 2086 mons
787 2037 862 2086 hodie
878 2043 954 2086 moire
963 2040 990 2088 dl
1000 2039 1027 2089 S.
1042 2040 1178 2089 Gieoasse':

71 2119 134 2169 dem
146 2119 335 2178 existimavere,
345 2134 360 2168 s
372 2118 505 2183 religione,
517 2123 545 2168 et
556 2118 609 2167 cnl-
645 2115 755 2164 Severus
768 2117 850 2164 Monte
865 2130 938 2177 segra
955 2117 1116 2179 appellatae:
1144 2117 1178 2166 de

71 2200 103 2245 tu
119 2194 238 2245 Deorum
249 2192 331 2242 Secisi
341 2194 484 2257 appellati:
504 2194 609 2243 Velinus
647 2199 756 2256 utroque
778 2191 901 2241 videndus
921 2192 1025 2242 Cluver.
1043 2199 1097 2241 snt.
1116 2192 1177 2244 ltul.

69 2272 192 2321 incolunt
202 2272 273 2320 iscus
286 2270 403 2319 Roscidis
415 2270 524 2320 collibus
532 2272 547 2320 :’
564 2271 609 2335 qui
646 2282 677 2317 rr.
688 2272 745 2318 692.
780 2270 923 2317 Eumenem.

70 2347 154 2397 dnbio
172 2348 262 2411 procul
279 2346 313 2394 ud
323 2345 491 2407 virgilianum
504 2362 608 2397 carmen
679 2345 830 2407 Montemque
840 2343 963 2406 Seuerum]
986 2342 1121 2406 Proprium
1133 2357 1177 2393 no-

72 2421 343 2488 respexls'sevldetur.
361 2422 446 2471 ‘Paisos
465 2429 549 2473 temen
567 2438 610 2487 ug·
646 2435 704 2469 meu
722 2422 816 2470 montis
836 2425 892 2469 est:
918 2420 988 2469 sicut
1005 2420 1178 2484 agndum.

71 2505 186 2547 noscunt
198 2496 302 2547 Greci:
329 2497 395 2546 unde
408 2498 502 2561 Renes,
518 2504 546 2546 et
561 2499 609 2546 llo·
645 2496 755 2546 Servius.

69 2590 127 2626 sens
144 2575 243 2639 gentile
261 2589 361 2625 nomen.
399 2576 486 2627 Quare
506 2575 609 2624 Servius
680 2574 829 2636 lllorrtemque
850 2573 972 2636 Seuerum]
1009 2573 1178 2638 Adjectivunr

71 2668 126 2703 noo
136 2652 257 2716 imperite
269 2652 346 2700 heca
356 2652 427 2715 legit.
463 2651 567 2700 Furias.
647 2650 765 2711 agnoseit
777 2650 917 2699 ltlnrcellos
935 2665 992 2699 cum
1011 2657 1132 2714 respectu
1144 2649 1178 2700 sd

109 2728 318 2784 Quilloeearera
332 2728 421 2790 Velim]
449 2728 554 2777 Velinus
574 2728 609 2777 ls·
647 2740 723 2790 rupes
743 2726 836 2776 montis
855 2727 964 2776 Tetrici.
995 2725 1046 2775 Sed
1065 2727 1179 2788 Servius,

72 2820 131 2867 cus,
141 2802 210 2854 uude
221 2803 286 2853 dicti
298 2803 391 2865 Velini,
403 2804 467 2853 situs
478 2811 519 2852 est
532 2804 610 2866 juste
647 2808 674 2851 et
687 2803 836 2866 Erytlrraeus
854 2817 947 2852 nomen
967 2803 1097 2865 proprium
1110 2817 1180 2852 mon-

72 2882 160 2933 lieste
171 2881 269 2943 inegru
281 2881 364 2929 lloreo
376 2880 493 2944 (Servius
504 2880 609 2929 Rosuls·
647 2878 690 2941 tis,
709 2884 738 2926 et
757 2879 894 2941 Erytboeus
916 2878 999 2927 adbuc
1022 2879 1048 2927 in
1067 2877 1179 2927 Sabinis.

73 2972 138 3007 nutu
159 2956 250 3017 vocet)
276 2957 336 3004 hinc
363 2954 448 3005 Poiito
475 2956 610 3019 conjungit
647 2956 681 3003 Et
694 2954 796 3019 quidem
816 2955 917 3002 nomina
928 2962 981 3003 turn
993 2954 1087 3002 montis
1095 2954 1179 3003 'letri-

71 3030 364 3083 ‘Rosenrursl'elini'
397 3030 609 3081 Pitumnus.
647 3032 680 3096 ei,
691 3046 766 3096 quom
778 3032 875 3093 Severi,
894 3034 937 3095 qui
951 3032 1002 3080 duo
1013 3032 1055 3081 siti
1069 3033 1095 3080 in
1106 3032 1181 3082 Sabi-

72 3109 116 3159 its
130 3106 240 3158 scribit:
266 3107 373 3156 ‘Cesar
390 3108 528 3170 Vopiscus,
550 3122 609 3156 curn
647 3107 693 3169 nis,
714 3107 800 3155 nescio
817 3107 859 3171 qui
877 3114 1023 3170 congruunt
1040 3122 1098 3156 cum
1118 3108 1179 3171 ipsis

72 3200 180 3235 csussrn
199 3185 267 3249 spud
287 3185 412 3234 Censores
432 3193 609 3248 ageret,cstn-
647 3183 797 3232 Sabinorum
815 3181 937 3230 moribus.
970 3182 1013 3231 De
1033 3184 1125 3246 quibus
1142 3184 1180 3233 ita

71 3262 226 3327 poslloseae
238 3260 304 3310 dixit
315 3260 398 3310 Italico
410 3275 534 3310 summum
546 3275 610 3322 esse,
647 3258 734 3308 Livius
754 3257 860 3322 loquens
884 3257 916 3305 de
937 3258 1037 3307 Nums:
1063 3258 1179 3321 ‘Suopte

73 3338 101 3387 in
116 3334 209 3401 quibus
220 3337 334 3400 perticus
345 3336 429 3400 pridie
440 3336 543 3385 relictas
555 3351 610 3398 grs-
648 3336 750 3399 ingenio
770 3341 940 3396 temperatum
957 3335 1069 3382 animum
1081 3334 1180 3384 virtuti·

74 3426 138 3462 men
153 3411 285 3474 operiret:
317 3412 366 3460 Est
377 3418 462 3460 sutem
474 3412 545 3460 lacus
561 3412 611 3459 Ve-
649 3410 694 3459 bns
706 3409 784 3458 fuisse
802 3409 893 3473 opinor
909 3411 998 3474 magis,
1014 3411 1181 3461 instructum·

71 3490 154 3547 linus,
164 3495 193 3536 et
204 3487 287 3550 campi
299 3487 385 3547 Rosei,
397 3487 422 3534 in
435 3500 496 3549 egro
507 3486 611 3550 Sabino,
649 3504 698 3553 que
710 3503 760 3536 non
773 3494 823 3536 tum
835 3488 977 3551 peregrinis
986 3489 1093 3553 artibus,
1103 3505 1180 3556 quum

73 3571 106 3615 ut
121 3563 209 3613 ridens
227 3561 337 3612 Podtsrn
353 3577 482 3626 nunquam
502 3561 611 3624 degene-
649 3563 785 3627 discipline
808 3564 905 3613 tetrica
923 3578 954 3613 se
973 3565 1041 3614 tristi
1062 3574 1180 3616 vetorum

72 3654 150 3702 τινος
178 3640 345 3688 omneseuinr
360 3639 443 3689 Clausi
460 3638 548 3687 Sabini
569 3652 610 3686 co·
649 3641 820 3691 Sabinorum:
834 3643 1090 3705 quogenerenullurn
1103 3656 1181 3705 quon·

73 3718 200 3769 mitesex
215 3730 275 3779 agro
285 3716 381 3765 Soblno
398 3716 480 3766 elicit.
514 3714 611 3764 Plinius
649 3715 707 3765 dam
723 3716 897 3778 incorruptius
909 3715 976 3765 fait!
1009 3717 1180 3768 QuinPssse-

74 3795 149 3846 elsre
162 3807 205 3843 111.
219 3798 258 3844 ts.
269 3794 277 3820 ‘
290 3792 386 3855 Sebini,
395 3799 424 3841 ut
434 3792 537 3857 quidum
547 3792 611 3840 exis·
648 3793 728 3840 retius
739 3792 785 3851 sit,
803 3791 891 3841 Furias
908 3792 991 3841 dictus
1009 3806 1024 3840 s
1045 3792 1181 3855 Propertio

74 3871 214 3929 timuere,
231 3869 381 3931 rereligione
393 3875 420 3918 et
432 3871 547 3918 Deorum
559 3869 612 3917 cul·
649 3872 681 3919 el.
695 3884 734 3918 ιν.
747 3874 786 3918 12.
804 3871 811 3896 ‘
824 3870 924 3917 turbam
937 3870 1066 3919 severum?
1093 3871 1179 3919 Cerdo.

74 3945 206 3997 tussitat
216 3944 357 4008 appetisti:
372 3944 478 3993 velinos
490 3944 611 3993 necolunt
681 3950 729 3995 714
747 3945 926 4007 Casperiamque
943 3944 1032 4007 colant]
1067 3945 1182 4008 Casperio

73 4024 148 4072 treas
166 4021 257 4070 lloseis
273 4019 390 4084 campis!
429 4020 471 4069 Sic
491 4020 557 4069 eninr
576 4021 611 4069 le·
649 4030 677 4071 ct
688 4021 771 4070 Foruli
783 4019 902 4068 civitates
914 4027 982 4069 sunt.
1015 4021 1119 4070 Seruius.

75 4098 177 4163 gendus
196 4098 268 4146 locus
286 4097 366 4147 Plinii
380 4096 515 4146 admodum
528 4095 612 4145 defor-
683 4093 873 4157 Casperiamque]
907 4095 946 4142 Ex
963 4094 1076 4159 antiquis
1086 4095 1181 4146 codici·

75 4182 171 4224 rostns.
215 4172 359 4221 Meminere
387 4180 515 4236 praeterea
543 4173 612 4221 lucus
649 4173 706 4233 bos,
715 4171 816 4220 omnino
829 4171 966 4234 Casperium
975 4172 1119 4240 legendum,
1129 4188 1181 4226 non

77 4248 612 4302 VsumCatomettavnr.1o.etrscitas
651 4250 855 4314 Casperelanrqse.
888 4246 996 4300 Pierius.
