2678 4694
166 329 258 400 3438
526 337 636 388 noun
657 332 862 384 remonon
885 333 927 383 ιιι

206 488 319 552 censo]
337 486 452 549 Populus
464 484 585 549 Scythia.
618 482 686 534 Sero.
742 482 804 549 quia
814 498 861 550 per
872 483 937 535 duos
948 484 1036 535 aireot
1046 482 1125 536 linit:
1142 498 1267 550 perunum

203 571 254 617 ⁷20
274 562 403 625 finxerat]
435 561 466 611 lu
495 563 610 611 Romano
637 558 706 609 codi-
742 560 1098 633 qnaliomanumimperiam
1108 569 1167 612 eat·
1185 563 1269 628 peral-

173 656 207 694 ω
221 643 344 692 tium
361 639 388 688 iu
407 640 505 704 aliquot
524 638 581 687 aliis
594 636 705 703 fixerat:
743 646 828 688 terum
848 654 899 704 qna
914 638 1036 689 interluit
1052 637 1195 688 Barbaros.
1225 639 1270 688 libi

172 726 311 782 utramque
338 715 512 766 librariorum
539 713 705 776 negligentia.
739 716 794 779 jam
813 715 895 765 Vahai
913 715 1011 764 dicitnr
1029 722 1059 765 ct
1079 713 1145 765 i'acit
1165 716 1270 765 luanism

175 794 279 845 Pieriis
746 793 912 842 Batavorum.
948 793 1023 842 idem

207 870 343 934 Euphrates
367 866 452 927 loeti
437 866 492 927 jum
512 865 605 915 mollin
625 863 707 926 undis]
775 872 825 918 ⁷28
853 868 1012 932 intimiore
1035 868 1127 931 Dalm]
1166 866 1272 931 Scythia

174 946 295 999 Beutiem
318 945 390 1008 quasi
411 959 439 994 se
466 957 522 992 esse
547 949 706 1006 superatum.
745 945 833 1007 populi
849 959 863 994 a
880 952 955 1006 parte
971 945 1180 1008 Septentriouaii
1194 943 1273 1007 iuncti

175 1025 309 1082 Horatius,
323 1024 455 1074 Minores
465 1025 568 1073 volvere
580 1021 707 1072 vortices
746 1019 858 1081 Persidi,
871 1020 1104 1070 undeDonidicti
1141 1021 1216 1069 idm.

176 1097 1033 1161 m‚1nomtrlqrenan]
1076 1098 1180 1147 Nomen
1206 1097 1274 1160 hujus

209 1179 345 1242 Euphrates
359 1177 462 1238 mollior]
493 1176 590 1225 Vocem
607 1176 709 1225 mollito·
746 1172 1276 1238 rentisrariescribiturinanitiquisoodi

176 1254 239 1303 dissic
256 1267 305 1301 non
322 1252 419 1313 vulgari
437 1250 628 1311 significatione
642 1251 710 1301 acci·
747 1248 828 1299 cibus.
864 1250 930 1299 Nam
942 1250 1046 1299 codices
1057 1265 1186 1299 ommno
1175 1258 1240 1310 ι,ιιιιι
1252 1250 1275 1297 iu

174 1329 297 1395 piendam
309 1328 437 1387 existimo,
454 1335 482 1377 et
494 1327 628 1391 preemitto
638 1326 710 1376 Gra·
748 1324 841 1389 quibus
860 1326 922 1375 Dori
937 1327 1065 1392 scriptum
1082 1328 1217 1377 habeatur.
1247 1326 1275 1374 ln

176 1420 235 1456 cam
254 1405 444 1469 cognitionem:
465 1403 539 1469 ripn»
554 1404 665 1463 Grecis,
684 1402 710 1452 id
748 1400 845 1465 aliquot
856 1402 938 1451 Doooe.
967 1402 1000 1450 ln
1010 1402 1276 1464 lismcodicellrlc,

175 1489 227 1544 est,
237 1486 313 1543 teser,
329 1491 357 1531 et
373 1483 458 1542 mollit,
475 1481 580 1532 ducitur
598 1496 614 1530 ι
632 1481 711 1531 rerho
749 1476 923 1540 adspiratione
934 1479 1084 1542 interjecta,
1099 1479 1168 1528 uude
1184 1476 1275 1527 i'actom

175 1555 254 1621 rripe,
272 1557 298 1605 id
315 1564 366 1616 est,
381 1571 449 1620 nexo,
467 1557 566 1622 ψει,-
582 1556 655 1621 quasi
668 1556 711 1606 iiia
748 1561 779 1603 ιιι
790 1555 867 1603 etiam
877 1554 975 1615 Data,
986 1555 1068 1603 reiuti
1081 1554 1215 1603 acciditin
1233 1554 1276 1601 nic·

176 1632 298 1682 dicantur
314 1639 413 1694 tenera,
430 1647 488 1697 qnae
504 1632 596 1682 attrita
610 1633 665 1696 jam
684 1638 712 1681 ct
747 1631 895 1691 iilaiicubi
905 1637 1021 1680 notatum
1037 1631 1193 1681 inveniatur.
1230 1629 1276 1678 Sed

177 1713 283 1758 vexata.
306 1707 350 1757 Sic
362 1715 389 1757 et
400 1709 468 1771 apud
480 1709 601 1760 Plautum
614 1710 640 1758 iu
653 1709 710 1758 Mil.
749 1707 816 1757 euim
832 1708 895 1756 nae
911 1707 1038 1770 recipitur
1053 1709 1088 1756 ah
1106 1707 1223 1770 eruditis,
1237 1706 1276 1770 qui

178 1783 254 1835 (lior.
274 1783 367 1834 ‘Mitis
378 1798 433 1832 sum
450 1786 570 1849 equidem
582 1784 712 1836 fustibus!
748 1792 808 1834 suut
819 1785 932 1848 Scythiae
944 1785 1043 1848 populi.
1066 1785 1221 1834 Hermolaus
1234 1785 1277 1846 By·

179 1857 255 1908 idem
270 1858 375 1908 curaui.
396 1859 494 1908 ‘Hisce
511 1875 569 1924 ego,
586 1861 607 1910 si
625 1868 652 1910 tu
670 1874 711 1910 me
749 1862 874 1913 sentinus.
892 1868 921 1909 ut
936 1876 969 1910 ex
986 1861 1113 1924 Stephani
1130 1860 1276 1924 compendio

179 1933 334 1993 irritaveris,
356 1934 536 1997 placidumte
556 1935 633 1985 hodie
655 1935 712 1986 red·
748 1937 853 1998 legitur,
871 1935 941 1996 atas,
961 1937 1071 1986 mrrdmdv
1092 1936 1166 1996 ἔθνος,
1189 1936 1232 1986 dol
1253 1934 1276 1984 li

179 2009 259 2059 dam!
275 2010 381 2059 Terent.
390 2025 491 2075 quoque
500 2013 616 2062 Eunuch.
628 2013 712 2061 ‘com
748 2011 853 2074 somer
870 2011 983 2075 λθγονιιιι
994 2013 1033 2063 rai
1046 2012 1122 2063 Δῶιω
1133 2014 1276 2074 unhrain.

179 2085 294 2149 mitigari
310 2087 425 2136 sandalio
445 2088 541 2151 caput!
573 2089 644 2151 Ergo
661 2089 712 2138 Eu·
749 2089 781 2139 ln
801 2103 852 2155 quo
870 2090 1059 2139 advertendum
1078 2098 1128 2148 est,
1146 2091 1278 2153 impressos

141 2168 150 2179 “
180 2162 398 2226 phrateasroliior,
413 2163 470 2225 erit,
488 2161 598 2212 afflictas
612 2164 712 2227 jamao
749 2166 855 2217 codices
864 2173 1003 2230 corruptos
1015 2180 1081 2215 asae.
1110 2166 1164 2216 Sed
1176 2166 1277 2214 enimet

181 2237 252 2288 bello
269 2237 390 2298 domitus,
409 2245 437 2288 et
453 2243 578 2298 vexatus3
598 2252 651 2287 non
668 2239 713 2287 ali·
751 2242 868 2304 Doei‚ex
881 2242 984 2305 regione
995 2243 1083 2302 Dorio,
1096 2244 1176 2306 juxta
1191 2244 1280 2305 Borys·

181 2320 325 2379 ter,'quam
342 2314 362 2361 ιὶ
381 2314 437 2377 quis
458 2314 552 2376 pellem
572 2314 713 2377 tundendo,
750 2320 854 2368 rhenem
870 2317 1001 2382 dicuntur,
1018 2333 1082 2382 quos
1100 2335 1115 2367 ιι
1131 2319 1279 2368 Graecornm

182 2391 285 2439 molicru
297 2391 389 2438 reddet
401 2405 432 2439 ao
444 2397 569 2440 teneram.
596 2389 643 2438 list
654 2391 713 2452 hoc,
751 2395 937 2444 consuetudine
954 2396 980 2442 in
998 2394 1133 2443 comediis
1151 2396 1280 2456 Dur-osup·

182 2466 250 2529 quod
270 2466 363 2515 Horat.
381 2479 411 2515 ιι.
429 2470 454 2516 9.
475 2465 651 2528 ‘Medumque
667 2464 714 2514 ilu-
751 2471 885 2536 pellemus,
907 2485 955 2534 pro
977 2485 1111 2520 servorum
1132 2471 1281 2520 nominibus.

182 2554 241 2589 men
262 2541 381 2605 gentibue
398 2541 515 2590 additum
532 2540 617 2590 Vlciit
635 2541 714 2594 mino·
751 2549 803 2597 Eos
824 2547 907 2597 Attici
929 2543 1006 2596 Adrus
1028 2548 1128 2597 dicunt.
1168 2549 1282 2610 vergunt

182 2632 223 2665 res
241 2619 345 2667 volvere
363 2619 493 2668 vortices)
525 2620 588 2668 'l'ale
606 2624 634 2668 et
651 2618 714 2666 iliud
751 2624 790 2673 ini
810 2625 836 2673 in
855 2625 1030 2683 Germaniam,
1048 2629 1076 2672 ει
1097 2623 1130 2672 ad
1155 2622 1214 2671 istri
1231 2621 1281 2670 son-

181 2694 279 2742 veieris
297 2693 474 2756 inscriptionis
494 2694 573 2743 factae
593 2694 618 2742 in
639 2694 715 2743 hono·
753 2705 800 2761 tes,
819 2706 847 2748 ιιι
863 2699 931 2748 idem
951 2705 1101 2749 auctorest
1121 2699 1281 2748 Hermolaus.

181 2782 237 2817 rem
252 2768 342 2830 Drusi,
358 2768 446 2816 ‘Dum
462 2769 509 2816 tibi
528 2771 610 2817 Roma
626 2769 714 2831 decus,
752 2777 856 2825 Pierius

182 2852 331 2908 aetemaque
341 2843 406 2893 audo
417 2844 542 2908 trophaea,
560 2844 628 2894 ister
639 2858 714 2907 paca-
785 2853 884 2901 Pontem
895 2852 1034 2913 indignam
1044 2851 1151 2913 Armi]
1174 2851 1226 2902 Hic
1238 2850 1280 2898 Ars

183 2921 216 2971 iia
227 2921 309 2970 lenior
320 2920 367 2970 ibit
378 2920 472 2985 nquit?
502 2920 588 2968 cerda·
752 2927 843 2976 meniu·
853 2926 954 2989 fluvius,
963 2927 1004 2976 cui
1015 2927 1166 2977 Alexander
1177 2928 1281 2991 Magnus

215 3001 263 3046 ⁷2⁷
283 2998 436 3060 Extremique
454 2996 658 3059 hommum·
676 2996 714 3045 &v-
752 3009 857 3066 pontem
878 3001 952 3062 fecit,
974 3018 1051 3067 quom
1072 3001 1184 3051 fluminis
1205 3001 1283 3049 incre·

182 3076 249 3138 δρῦν.
281 3074 391 3124 Scilicet
407 3074 432 3121 in
449 3072 542 3122 finibus
557 3074 660 3136 Galliae,
671 3073 715 3137 qui
753 3086 839 3130 menta
850 3086 985 3142 ruperunt,
998 3084 1088 3140 postea
1101 3077 1233 3139 Angustus
1245 3076 1282 3124 tir·

183 3156 303 3213 spectent
323 3149 493 3208 Britanniam,
513 3165 570 3213 quar
592 3149 715 3198 Romanis
753 3153 831 3201 miore
853 3160 933 3217 ponte
955 3168 1013 3201 eum
1037 3154 1139 3215 ligavit,
1162 3153 1230 3200 unde
1252 3150 1280 3199 ad

183 3227 243 3276 olim
259 3224 336 3274 Alter
350 3225 431 3275 Orbis
442 3225 612 3274 censebatur:
632 3230 661 3273 ut
672 3239 715 3273 uo·
752 3227 861 3292 Augusti
874 3230 977 3291 gloriam
990 3229 1055 3278 dixit
1067 3231 1074 3256 ‘
1084 3230 1198 3278 Pontem
1208 3228 1282 3290 indig-

184 3306 224 3368 tat
239 3299 352 3350 Tumeb.
368 3314 440 3349 ιιιιιι.
459 3306 499 3350 11.
533 3301 673 3350 Plinxrx.
692 3305 715 3350 1.
752 3303 957 3353 natusdraxes!
989 3305 1094 3353 Senius.

184 3378 294 3428 ‘Ultimi
305 3377 432 3426 hominurn
445 3378 585 3426 existimati
603 3376 716 3426 Morini!
786 3380 938 3442 Indignatur]
967 3380 1010 3429 ltu
1021 3381 1119 3429 dictum
1132 3397 1147 3428 n
1160 3382 1230 3429 Phr.
1241 3381 1284 3443 (nit

184 3453 226 3503 lta
237 3460 264 3502 et
276 3454 354 3502 Hom.
368 3453 462 3516 Odyss.
473 3459 502 3501 Α.
530 3454 661 3516 AEthiopes
674 3469 716 3502 ro·
753 3456 884 3505 Victorius
903 3469 1002 3505 xxxvi.
1024 3455 1077 3518 lo.)
1097 3456 1236 3517 ἀγανακτῶ
1254 3456 1282 3504 de

184 3538 229 3581 cat
240 3527 356 3592 ἐσχάτουι
366 3529 462 3591 ἀνδρῶν.
491 3528 543 3578 Alii
556 3529 633 3578 etiam
646 3529 716 3589 ἄγχι·
754 3533 821 3594 vino,
833 3533 900 3596 quod
911 3531 1006 3591 ferret,
1022 3541 1050 3582 et
1068 3548 1097 3583 se
1114 3534 1199 3583 claudi
1218 3547 1281 3596 agre

184 3607 265 3668 dhovs,
275 3606 406 3655 maritimos
416 3620 448 3654 ex
460 3607 578 3655 Eusteth.
590 3607 717 3669 intorpre·
754 3609 864 3671 patitur,
886 3622 972 3672 neque
988 3609 1042 3658 vuit
1062 3624 1123 3658 vase
1144 3609 1283 3658 contineri:

186 3692 282 3735 tantur.
318 3683 460 3732 Tonbmonn.
754 3685 782 3733 od
797 3685 845 3748 γὰρ
859 3685 902 3733 τὸν
918 3682 979 3733 alrov
997 3683 1059 3733 rirds
1077 3685 1130 3733 dori
1146 3684 1217 3744 μόνον
1234 3683 1283 3748 ζῇν,

220 3759 324 3822 Morini]
347 3761 438 3822 Populi
458 3760 483 3807 in
501 3759 593 3809 Gallim
613 3758 718 3818 tinibus,
754 3761 793 3810 rai
807 3761 957 3822 ἂγιιάκτιιν.
993 3763 1034 3810 De
1044 3763 1110 3810 mari
1122 3764 1210 3811 Vaier.
1223 3762 1282 3825 Arg.

187 3838 230 3901 qni
260 3837 421 3886 Britanniam
449 3843 580 3899 spectant,
608 3835 717 3898 proximi
755 3852 775 3887 ι.
792 3837 931 3887 ‘Oceanus
944 3838 1072 3900 Phrygios
1093 3840 1164 3900 prius
1177 3839 1284 3898 indigna·

187 3913 302 3964 Oceano.
336 3912 441 3961 Sinnius.
755 3920 797 3962 tus
817 3914 904 3963 iiiios!
937 3913 998 3962 Puri
1018 3914 1134 3974 emphasi
1155 3913 1284 3963 Claudiurn

218 3991 358 4052 Rhenusque
369 3987 480 4049 bicornis]
500 3988 603 4036 Fhrrius
615 3987 717 4046 (inilia,
756 4003 795 4037 vr.
816 3991 891 4037 (lons.
911 3988 978 4037 lion.
1000 3988 1107 4051 ‘Atque
1126 3987 1285 4051 indignantes

188 4069 231 4134 qiri
248 4069 390 4117 Germanos
407 4079 422 4112 a
437 4065 524 4128 Gallie
539 4064 640 4113 dividit.
675 4064 719 4113 Bi·
754 4066 780 4112 lu
797 4064 858 4127 jura
878 4062 1008 4124 redegerit
1027 4062 1143 4111 Arctos!
1174 4062 1226 4111 Sed
1244 4062 1284 4110 ire

119 4136 123 4143 ’
186 4144 265 4194 cornis
275 4150 370 4207 autem,
386 4149 431 4190 aut
443 4155 577 4191 commune
587 4151 627 4191 est
638 4140 718 4189 omni·
755 4139 812 4187 iatae
826 4137 949 4202 imprimis
968 4136 1050 4185 Araxi
1063 4138 1229 4195 conveniunt,
1245 4135 1284 4199 quii

190 4221 237 4271 bus
259 4219 352 4283 fluviis,
375 4225 420 4269 aut
440 4217 546 4283 propria
566 4217 598 4268 de
620 4218 719 4280 Rheno,
756 4215 789 4264 ab
811 4213 931 4278 Appiano
950 4214 976 4262 iu
996 4212 1127 4266 Parthicis
1147 4211 1243 4265 dicitur
1261 4212 1284 4259 ir
