2678 4694
457 334 599 424 vrncrr„
644 372 783 422 uuum.
805 370 887 419 vrrr.
1122 351 1208 419 3411

112 522 153 573 Ne
164 521 201 570 sit
212 533 275 583 ergo
291 517 458 580 contrarium,
469 516 641 578 intelligamus
679 517 803 566 tentibus.
820 515 911 566 ‘Cura
927 522 963 578 te,
978 514 1012 565 mi
1030 513 1117 580 ryrq’
1137 516 1206 582 apud

110 598 180 664 quod
200 596 329 661 hodieque
348 594 462 649 ridemus
480 602 509 644 et
528 594 642 655 legimus,
678 591 734 641 Cic.
746 590 826 655 Apud
838 592 930 643 Horat.
942 591 1049 642 ‘curare
1060 599 1208 656 catenuge-

109 674 177 723 banc
188 672 291 722 coliium
310 670 389 720 fuisse
406 677 533 730 naturam,
545 676 573 716 ut
588 669 641 732 pia·
678 668 757 729 niuru,
784 668 948 730 pelliculam!
995 667 1074 730 Apud
1103 669 1208 718 Terent.

108 750 188 799 nities
197 755 269 798 esset
285 749 312 796 iu
323 761 430 807 summo,
441 747 466 795 in
479 761 529 811 qua
540 746 641 794 inerant
678 745 685 769 ⁸
698 744 800 792 Curasti
814 752 840 793 te
850 744 977 793 molliter!
1016 745 1121 794 Lucret.
1140 745 1159 795 t.
1171 758 1206 795 ιι.

108 832 197 875 eastra
211 824 371 873 Tarchontis.
405 826 557 886 Quanquam
569 821 643 870 multi
678 818 813 882 ‘Propter
823 833 896 883 aqua
916 819 1005 879 rivum,
1016 819 1064 868 aub
1081 818 1157 869 ramis
1168 832 1208 868 ar·

109 900 218 961 velint,‘
230 901 350 963 celsoque
361 900 441 948 omnis
452 898 562 947 decolte
575 897 643 946 ride·
679 893 747 943 boris
759 895 818 943 altre
831 896 889 942 Non
907 894 1005 957 magnis
1017 893 1208 959 opibusjucuu-

109 975 201 1024 rilam
212 982 317 1039 poterat
336 974 421 1038 legio‚’
441 973 473 1023 ad
486 973 642 1022 AEueamre-
678 969 711 1018 de
722 983 832 1032 corpora
843 974 951 1019 curant!
982 969 1069 1018 Livius
1086 976 1114 1020 et
1129 969 1209 1020 bisto-

108 1047 190 1111 serre,
207 1057 236 1100 ut
261 1050 432 1114 intelligamus
461 1049 594 1098 venientes
615 1047 641 1095 in
680 1046 726 1094 rici
737 1044 951 1111 frequentissime.
985 1048 1116 1097 Porrus,

108 1127 220 1176 coitibus
230 1126 459 1190 tirisseTrojarros:
485 1133 642 1175 castravero
712 1126 761 1172 608
776 1122 811 1171 Ar
834 1123 919 1186 Verus,
937 1121 990 1185 ise]
1022 1124 1105 1173 Iocus
1123 1124 1207 1175 clarus

108 1201 243 1252 Hetrusca
254 1203 280 1251 iu
294 1202 400 1265 campis.
417 1200 494 1253 Quod
505 1200 526 1249 si
537 1199 641 1248 velimus
680 1196 758 1246 Hom.
788 1199 813 1246 iu
841 1199 913 1247 exitu
936 1199 967 1247 Ii.
999 1212 1080 1249 xvrrr.
1106 1199 1152 1249 ubi
1174 1201 1208 1250 de

108 1279 241 1343 accipere,
273 1278 486 1343 quemadmodum
516 1275 642 1341 procedit,
679 1272 1019 1324 'I'uetidedcbillismatrez
1036 1275 1064 1323 ‘u
1075 1275 1209 1340 imos,

106 1355 189 1404 ‘tuta
212 1355 333 1406 tenebant
355 1355 447 1404 Castra
469 1351 554 1402 iocis?
583 1366 641 1399 uam
679 1348 740 1398 duro
766 1350 819 1418 κατ’
837 1350 957 1412 diadum
972 1351 1099 1416 rrodmor,
1114 1354 1208 1416 Μχκ

106 1435 173 1493 tuta,
193 1430 220 1479 id
242 1438 291 1489 est,
312 1444 359 1494 per
379 1439 496 1480 naturam
518 1429 641 1477 locorum.
678 1424 836 1490 μαρμαίροντα
856 1425 910 1488 παρ’
935 1425 1071 1489 Ἡφαίστοιο
1087 1427 1205 1491 pipam

109 1505 187 1556 Ida.
680 1503 742 1552 Hac
760 1518 822 1565 cero,
845 1503 908 1551 neiat
926 1502 1047 1566 accipiter,
1066 1504 1157 1554 desiliit
1177 1507 1208 1554 ab

144 1581 208 1632 Νι
225 1581 335 1632 urebant
353 1582 437 1632 castra
456 1579 523 1643 locis]
546 1579 578 1629 ln
598 1578 642 1627 ali-
682 1580 782 1643 OIympo
804 1579 892 1642 niuoso,
914 1579 990 1628 Amo
1019 1581 1164 1644 splendeatia
1192 1599 1207 1632 ι

108 1665 175 1723 quot
193 1658 326 1708 codicibus
350 1658 462 1721 antiquis
483 1657 571 1719 legere
593 1661 643 1717 est,
683 1653 905 1717 Vaicuaouffereas.
939 1655 1032 1705 Cerda.

107 1737 227 1786 ‘cuncta
238 1732 479 1785 terrebantcastraz'
491 1731 588 1796 quodsi
598 1730 642 1779 ad·
712 1730 940 1795 AEtberioana‘urbos]
965 1732 1017 1782 Per
1032 1733 1117 1783 airam
1128 1737 1208 1784 nurni-

108 1813 208 1873 mittas,
218 1812 299 1861 Servii
310 1810 392 1861 omnis
407 1809 559 1871 ambiguitas
569 1807 643 1855 tolie-
679 1821 749 1867 nuru,
765 1807 865 1878 scilicet
882 1809 1065 1873 purgatiorem,
1082 1811 1126 1875 qui
1136 1811 1207 1860 eirea

108 1896 163 1938 tur.
196 1888 205 1915 ‘
217 1887 337 1951 Namque
348 1885 429 1935 omnis
442 1882 514 1932 furiis
529 1882 642 1932 surrexit
679 1881 799 1932 deusest.
815 1884 910 1933 ‘ut'ts
928 1886 984 1943 νῆοι
997 1884 1208 1950 ῐκονι,θιοῦιᾶρι

108 1962 216 2014 Etruria
233 1961 328 2026 justia,'
348 1976 405 2027 quae
426 1968 510 2010 castra
531 1973 562 2008 eo
584 1959 641 2007 loco
678 1960 739 2022 δῶρο
748 1957 860 2023 φέρουσι.
893 1961 997 2012 Seruius.

107 2046 284 2089 metataerat.
320 2039 424 2087 Pierias.
711 2037 833 2086 AEtien'oa
855 2038 956 2101 nimbos]
987 2039 1091 2090 Servius
1120 2039 1206 2091 airam

142 2116 191 2164 604
203 2113 308 2164 necrus
314 2111 403 2173 videri]
414 2112 547 2160 Incertum
555 2116 641 2158 utrum
680 2111 818 2160 Nominum
827 2113 1061 2178 purgatiorem,qui
1071 2114 1142 2163 circa
1154 2115 1207 2163 De·

108 2192 168 2254 ipsa
178 2191 204 2238 iu
216 2189 284 2239 cotie
295 2204 381 2252 qens,
392 2202 425 2235 an
441 2186 475 2234 ab
490 2186 531 2234 his
548 2186 591 2249 qui
609 2185 641 2233 de
678 2201 707 2236 os
719 2194 768 2249 est,
786 2187 895 2253 (dequo
914 2189 1002 2252 supra)
1021 2190 1156 2253 iutelligit:
1178 2199 1206 2239 at

107 2266 177 2315 corte
188 2265 355 2329 prospiciunt.
388 2261 494 2311 Servius
679 2262 808 2327 Git'anius,
818 2265 916 2313 nubes:
934 2265 1076 2315 imitatione
1086 2267 1208 2328 Lucretii,

143 2343 192 2390 6⁰⁵
211 2339 330 2389 Tendebat
349 2339 374 2387 iss
394 2338 471 2402 arria]
499 2338 546 2400 Ut,
568 2338 641 2387 ‘Hic
679 2340 722 2404 qui
738 2341 880 2388 ‘aethereas
897 2340 985 2390 nubes'
1002 2341 1111 2404 dixeritt
1139 2349 1205 2393 utet

108 2429 195 2465 serus
215 2415 341 2465 tendebat
357 2413 488 2464 detritus!
521 2414 644 2478 Hocest,
678 2416 805 2467 Prudent.
840 2415 982 2465 Tuabsraarr.

107 2490 223 2541 tentoria
232 2490 321 2540 babet.
353 2490 428 2539 Μαι.
710 2490 875 2550 Doussererra
884 2491 978 2553 adera]
1004 2495 1038 2542 Et
1049 2493 1167 2557 Virgilio,
1178 2499 1207 2542 ct

145 2550 275 2629 Tendebat]
291 2565 358 2614 Vide
369 2565 425 2615 AEn.
437 2580 469 2615 ιι.
480 2570 522 2615 29.
557 2565 630 2615 Toab.
677 2569 851 2632 superioribus
858 2570 976 2632 Homeri,
984 2570 1092 2620 adhaesit
1102 2571 1179 2620 Silius
1188 2570 1205 2619 Ι.

143 2646 193 2691 606
210 2643 245 2691 Et
255 2642 314 2690 bello
324 2642 382 2690 tectu
388 2641 512 2703 jauatas]
529 2641 595 2691 Quia
603 2643 642 2691 ait
657 2696 665 2710 ·
678 2657 710 2692 rr.
726 2644 734 2668 ‘
745 2643 815 2692 Ecce
822 2653 907 2693 antem
919 2646 1038 2709 clypeum
1048 2660 1117 2696 sasso
1125 2643 1207 2710 t'uigo-

107 2731 198 2781 aupra,
213 2716 277 2781 ‘qui
295 2730 350 2766 sese
367 2717 393 2766 in
409 2718 476 2767 bella
494 2724 641 2781 aequantur,
679 2733 707 2767 re
728 2719 865 2769 micantem
885 2721 983 2770 Oceani
997 2727 1088 2784 gentes
1103 2720 1206 2770 ductori

108 2793 272 2842 Praestautes
287 2793 383 2841 virtute
400 2793 481 2856 tegit!
513 2793 567 2841 Aut
581 2794 641 2842 tecta
678 2793 746 2842 dona
753 2792 882 2856 serebant,
890 2795 1011 2845 Callaicae
1021 2795 1117 2845 telluris
1126 2793 1208 2858 opus!

108 2869 225 2932 proprie,
244 2867 305 2933 quia
324 2868 440 2931 deiectus
461 2869 570 2927 militum
592 2876 640 2918 est.
678 2870 767 2919 Thetis
778 2871 847 2933 apud
858 2873 934 2920 Hom.
952 2872 1005 2919 θοοῦ
1014 2869 1077 2932 adpo
1088 2871 1149 2931 δῦρο
1164 2867 1206 2932 qd

107 2943 217 2994 Seruium
677 2961 758 3009 ρονοο.
793 2947 877 2994 Cerdo.

144 3023 192 3068 607
209 3020 436 3085 Fessiqacetequoa
455 3026 478 3070 et
492 3035 589 3085 corpora
602 3036 642 3069 ca·
711 3021 830 3085 Reductu]
845 3019 960 3070 Secreta.
993 3021 1098 3074 Senias.

108 3093 179 3157 rant]
203 3094 307 3159 Ingenti
324 3104 380 3147 arte
397 3098 465 3162 quod
485 3097 642 3162 sequebatur
710 3101 759 3146 oto
776 3098 876 3158 Egeriae
891 3104 1005 3147 acardum
1018 3097 1120 3162 flamine
1133 3098 1207 3162 cidit]

108 3170 205 3233 omisit,
216 3169 362 3220 redditurus
380 3173 405 3221 in
422 3172 531 3223 decimo.
564 3173 642 3222 Nam-
679 3173 789 3235 Fgetido,
798 3173 824 3221 id
833 3180 881 3234 est,
891 3173 997 3223 nimium
1008 3174 1107 3239 getido:
1125 3182 1153 3225 et
1165 3184 1205 3225 est

108 3260 162 3310 que
174 3245 201 3294 si
214 3247 293 3296 vellet
309 3248 396 3298 dicere
412 3250 512 3299 venisse
528 3248 642 3310 AEueaur‚
678 3264 728 3298 una
739 3263 798 3312 pars
808 3248 938 3309 orationis,
955 3255 984 3298 ut
1003 3250 1052 3300 Ge.
1064 3263 1101 3299 ιν.
1120 3250 1206 3301 ‘Edu-

108 3321 205 3371 vidisae
224 3323 405 3388 Tarchontem,
423 3327 519 3390 petisse
539 3325 643 3389 auxilia,
679 3340 785 3389 tamque
796 3326 878 3389 pirum
888 3325 904 3374 :’
921 3324 947 3374 id
959 3325 1204 3388 est,valdeduraru:

109 3398 176 3447 satis
195 3398 299 3461 longum
317 3398 411 3461 fuerat,
429 3408 456 3451 et
467 3401 570 3464 peribat
579 3401 641 3449 iilud
679 3410 707 3452 et
719 3401 755 3450 sie
767 3401 840 3464 dixit,
859 3401 866 3427 ‘
878 3409 1005 3449 secretum
1017 3398 1119 3450 flumine
1129 3402 1206 3467 egeti-

108 3474 181 3539 quod
196 3474 232 3523 ait
251 3490 338 3539 supra,
361 3476 447 3525 ‘Tuto
465 3491 575 3542 namque
590 3475 642 3526 fre-
679 3477 729 3539 do,'
739 3478 787 3525 boc
798 3474 974 3539 est,prusidio
986 3473 1110 3525 fluminis:
1128 3486 1158 3526 ut
1169 3476 1205 3525 di·

108 3550 334 3600 muutcondensae
346 3551 422 3600 litore
435 3553 560 3616 puppeaz'
582 3566 641 3603 cum
675 3552 767 3613 cimus,
786 3558 887 3601 merdas
906 3556 942 3601 est
962 3557 1039 3601 moute
1061 3553 1103 3600 vel
1127 3551 1206 3601 silvis.

108 3633 139 3676 et
152 3626 341 3679 Hetruseorum
360 3626 517 3677 festinationi
530 3628 641 3679 dicentis
677 3629 894 3678 Latenterautem
903 3626 1023 3689 ostendit,
1031 3626 1205 3695 AEueam,uou

108 3701 226 3752 brevitas
238 3710 372 3765 congruat.
406 3704 503 3753 Verum
512 3705 559 3754 hoc
572 3704 641 3770 quod
678 3703 727 3753 uisi
743 3700 847 3752 flumine
866 3703 991 3764 ablutum,
1009 3716 1103 3751 numen
1117 3699 1205 3750 videre

107 3776 136 3826 iu
154 3777 204 3827 isto
224 3777 469 3842 locoprretermisit,
483 3777 597 3830 reddidit
614 3781 640 3829 iu
677 3778 800 3843 potuisse.
832 3781 906 3828 Idem.

108 3851 223 3917 docimo,
238 3852 336 3916 diceus,
352 3856 360 3883 ‘
371 3855 490 3920 Namque
501 3864 530 3905 ut
541 3855 574 3904 ab
590 3855 641 3905 Eu·
713 3855 747 3903 Ut
756 3856 837 3915 procat
845 3854 933 3916 egelido
943 3852 1161 3917 ucrdmflamiaa
1170 3852 1206 3903 oi·

108 3928 192 3979 andro
215 3930 307 3985 castris
335 3931 466 3995 ingressus
498 3933 642 3994 Hetruscis,
677 3928 726 3991 dit]
749 3929 781 3978 lu
800 3929 918 3979 Romano
935 3929 1026 3979 codice
1044 3930 1094 3977 baec
1111 3929 1208 3990 gelido.-

110 4005 210 4066 uagam
222 4004 286 4067 adit,
298 4012 325 4053 et
336 4005 391 4068 regi
402 4012 527 4056 memorat
541 4021 642 4061 nomeu·
679 4011 709 4054 ut
716 4003 751 4053 sit
759 4003 809 4052 brac
817 4003 918 4052 scilicet
927 4004 1012 4066 Venas,
1018 4002 1086 4068 quod
1093 4003 1206 4070 incomp-

109 4079 334 4145 que,geuusque.'
367 4080 443 4129 ideas.
679 4078 855 4130 tumvidetur.
888 4079 1067 4139 Inaliiset,iu
1082 4072 1207 4131 dutiae

145 4154 250 4218 Carent]
277 4155 365 4204 Verbo
385 4155 484 4203 eumudi
506 4156 643 4208 utebantur
679 4155 792 4220 paratim
810 4154 913 4218 tegitur.
946 4154 1039 4205 Placet
1050 4169 1112 4205 vero
1130 4157 1208 4207 unica

106 4229 139 4290 ur
159 4231 239 4282 rebus
256 4230 291 4281 ad
310 4231 391 4282 vitam
408 4230 555 4298 uictumque
571 4248 643 4299 apec-
679 4230 793 4282 dodone
814 4229 904 4294 egelido
923 4244 973 4298 per
998 4233 1207 4299 compositionem
