<?xml version="1.0" encoding="UTF-8"?>
<!DOCTYPE html PUBLIC "-//W3C//DTD XHTML 1.0 Transitional//EN"
    "http://www.w3.org/TR/xhtml1/DTD/xhtml1-transitional.dtd">
<html xmlns="http://www.w3.org/1999/xhtml" xml:lang="en" lang="en">
 <head>
  <title>
</title>
<meta http-equiv="Content-Type" content="text/html;charset=utf-8" />
  <meta name='ocr-system' content='tesseract 3.04.00' />
  <meta name='ocr-capabilities' content='ocr_page ocr_carea ocr_par ocr_line ocrx_word'/>
</head>
<body>
  <div class='ocr_page' id='page_1' title='image "./pvirgiliimaroni03virggoog/pvirgiliimaroni03virggoog_0179.png"; bbox 0 0 2678 4694; ppageno 0'>
   <div class='ocr_carea' id='block_1_1' title="bbox 105 298 863 369">
    <p class='ocr_par' dir='ltr' id='par_1_1' title="bbox 105 298 863 369">
     <span class='ocr_line' id='line_1_1' title="bbox 105 298 863 369; baseline -0.004 0"><span class='ocrx_word' id='word_1_1' title='bbox 105 298 207 369; x_wconf 73' lang='lat' dir='ltr'><strong>tem</strong></span> <span class='ocrx_word' id='word_1_2' title='bbox 466 317 574 366; x_wconf 80' lang='lat' dir='ltr'><strong>noun</strong></span> <span class='ocrx_word' id='word_1_3' title='bbox 596 317 798 367; x_wconf 77' lang='lat' dir='ltr'><strong>rsnrunuss</strong></span> <span class='ocrx_word' id='word_1_4' title='bbox 823 312 863 366; x_wconf 80' lang='lat' dir='ltr'><strong>ru</strong></span> 
     </span>
    </p>
   </div>
   <div class='ocr_carea' id='block_1_2' title="bbox 24 458 1261 4262">
    <p class='ocr_par' dir='ltr' id='par_1_2' title="bbox 47 458 1261 2806">
     <span class='ocr_line' id='line_1_2' title="bbox 117 458 1213 526; baseline 0 -16"><span class='ocrx_word' id='word_1_5' title='bbox 117 475 207 526; x_wconf 65' lang='lat' dir='ltr'><strong>amore</strong></span> <span class='ocrx_word' id='word_1_6' title='bbox 226 459 336 523; x_wconf 86' lang='lat' dir='ltr'><strong>septimo</strong></span> <span class='ocrx_word' id='word_1_7' title='bbox 357 474 417 510; x_wconf 84' lang='lat' dir='ltr'><strong>casu</strong></span> <span class='ocrx_word' id='word_1_8' title='bbox 441 460 545 523; x_wconf 80' lang='lat' dir='ltr'><strong>legitur.</strong></span> <span class='ocrx_word' id='word_1_9' title='bbox 594 459 647 513; x_wconf 83' lang='lat' dir='ltr'><strong>Sed</strong></span> <span class='ocrx_word' id='word_1_10' title='bbox 683 458 855 524; x_wconf 82' lang='lat' dir='ltr'><strong>suscepissent</strong></span> <span class='ocrx_word' id='word_1_11' title='bbox 865 463 880 508; x_wconf 89' lang='lat'><strong>:&#39;</strong></span> <span class='ocrx_word' id='word_1_12' title='bbox 897 464 924 509; x_wconf 88' lang='lat' dir='ltr'><strong>et</strong></span> <span class='ocrx_word' id='word_1_13' title='bbox 939 459 1001 508; x_wconf 82' lang='lat' dir='ltr'><strong>aiibi</strong></span> <span class='ocrx_word' id='word_1_14' title='bbox 1013 460 1118 523; x_wconf 67' lang='lat' dir='ltr'><strong>sepius.</strong></span> <span class='ocrx_word' id='word_1_15' title='bbox 1152 459 1213 515; x_wconf 77' lang='lat' dir='ltr'><strong>Vota</strong></span> 
     </span>
     <span class='ocr_line' id='line_1_3' title="bbox 117 536 1261 601; baseline 0.003 -17"><span class='ocrx_word' id='word_1_16' title='bbox 117 551 209 601; x_wconf 78' lang='lat' dir='ltr'><strong>aquom</strong></span> <span class='ocrx_word' id='word_1_17' title='bbox 227 543 320 600; x_wconf 88' lang='lat' dir='ltr'><strong>quarto</strong></span> <span class='ocrx_word' id='word_1_18' title='bbox 337 550 396 585; x_wconf 82' lang='lat' dir='ltr'><strong>casu</strong></span> <span class='ocrx_word' id='word_1_19' title='bbox 414 537 494 597; x_wconf 78' lang='lat' dir='ltr'><strong>magis</strong></span> <span class='ocrx_word' id='word_1_20' title='bbox 513 536 648 600; x_wconf 82' lang='lat' dir='ltr'><strong>splendide</strong></span> <span class='ocrx_word' id='word_1_21' title='bbox 684 552 746 587; x_wconf 86' lang='lat' dir='ltr'><strong>vero</strong></span> <span class='ocrx_word' id='word_1_22' title='bbox 763 537 830 600; x_wconf 80' lang='lat' dir='ltr'><strong>ssioi,</strong></span> <span class='ocrx_word' id='word_1_23' title='bbox 848 545 877 588; x_wconf 90' lang='lat' dir='ltr'><strong>et</strong></span> <span class='ocrx_word' id='word_1_24' title='bbox 892 537 959 586; x_wconf 82' lang='lat' dir='ltr'><strong>reddi</strong></span> <span class='ocrx_word' id='word_1_25' title='bbox 974 536 1142 588; x_wconf 56' lang='lat' dir='ltr'><strong>dicebanturt</strong></span> <span class='ocrx_word' id='word_1_26' title='bbox 1171 537 1214 589; x_wconf 80' lang='lat' dir='ltr'><strong>n·</strong></span> <span class='ocrx_word' id='word_1_27' title='bbox 1255 540 1261 587; x_wconf 80' lang='lat' dir='ltr'><strong>i</strong></span> 
     </span>
     <span class='ocr_line' id='line_1_4' title="bbox 116 610 1261 677; baseline 0.006 -17"><span class='ocrx_word' id='word_1_28' title='bbox 116 610 220 668; x_wconf 85' lang='lat' dir='ltr'><strong>videtur</strong></span> <span class='ocrx_word' id='word_1_29' title='bbox 229 610 349 660; x_wconf 78' lang='lat' dir='ltr'><strong>elocutio.</strong></span> <span class='ocrx_word' id='word_1_30' title='bbox 382 611 486 660; x_wconf 84' lang='lat' dir='ltr'><strong>Pierius.</strong></span> <span class='ocrx_word' id='word_1_31' title='bbox 684 613 1215 677; x_wconf 55' lang='lat' dir='ltr'><strong>qutumaccurststtrtssonfflomstms.</strong></span> <span class='ocrx_word' id='word_1_32' title='bbox 1256 621 1261 658; x_wconf 80' lang='lat' dir='ltr'><strong>i</strong></span> 
     </span>
     <span class='ocr_line' id='line_1_5' title="bbox 149 686 1261 752; baseline 0.004 -15"><span class='ocrx_word' id='word_1_33' title='bbox 149 691 198 737; x_wconf 70' lang='lat'><strong>2⁸6</strong></span> <span class='ocrx_word' id='word_1_34' title='bbox 215 686 309 749; x_wconf 68' lang='lat' dir='ltr'><strong>latus]</strong></span> <span class='ocrx_word' id='word_1_35' title='bbox 329 687 436 736; x_wconf 80' lang='lat' dir='ltr'>Victor:</span> <span class='ocrx_word' id='word_1_36' title='bbox 454 702 469 736; x_wconf 90' lang='lat' dir='ltr'><strong>n</strong></span> <span class='ocrx_word' id='word_1_37' title='bbox 488 687 647 752; x_wconf 71' lang='lat' dir='ltr'><strong>precedenti</strong></span> <span class='ocrx_word' id='word_1_38' title='bbox 683 688 789 737; x_wconf 87' lang='lat' dir='ltr'><strong>videet</strong></span> <span class='ocrx_word' id='word_1_39' title='bbox 802 689 1057 751; x_wconf 50' lang='lat' dir='ltr'><strong>menomenae.</strong></span> <span class='ocrx_word' id='word_1_40' title='bbox 1095 691 1191 741; x_wconf 62' lang='lat' dir='ltr'><strong>Tui..</strong></span> <span class='ocrx_word' id='word_1_41' title='bbox 1257 696 1261 728; x_wconf 84' lang='lat'>¹</span> 
     </span>
     <span class='ocr_line' id='line_1_6' title="bbox 47 762 1261 830; baseline -0.004 -16"><span class='ocrx_word' id='word_1_42' title='bbox 47 825 49 828; x_wconf 10' lang='grc' dir='ltr'><em>Α</em></span> <span class='ocrx_word' id='word_1_43' title='bbox 117 762 186 830; x_wconf 85' lang='lat' dir='ltr'><strong>quod</strong></span> <span class='ocrx_word' id='word_1_44' title='bbox 197 763 322 827; x_wconf 86' lang='lat' dir='ltr'><strong>sequitur.</strong></span> <span class='ocrx_word' id='word_1_45' title='bbox 356 762 459 813; x_wconf 80' lang='lat' dir='ltr'><strong>Seruius.</strong></span> <span class='ocrx_word' id='word_1_46' title='bbox 570 790 571 793; x_wconf 63' lang='lat'><em>=</em></span> <span class='ocrx_word' id='word_1_47' title='bbox 714 767 763 813; x_wconf 69' lang='grc'><strong>238</strong></span> <span class='ocrx_word' id='word_1_48' title='bbox 780 763 925 826; x_wconf 68' lang='lat' dir='ltr'><strong>Perniciosa]</strong></span> <span class='ocrx_word' id='word_1_49' title='bbox 950 765 1019 813; x_wconf 80' lang='lat' dir='ltr'><strong>Exta</strong></span> <span class='ocrx_word' id='word_1_50' title='bbox 1039 764 1216 828; x_wconf 72' lang='lat' dir='ltr'><strong>projicinatur</strong></span> <span class='ocrx_word' id='word_1_51' title='bbox 1258 774 1261 809; x_wconf 81' lang='grc' dir='ltr'><strong>ι</strong></span> 
     </span>
     <span class='ocr_line' id='line_1_7' title="bbox 148 837 1261 903; baseline 0.004 -15"><span class='ocrx_word' id='word_1_52' title='bbox 148 838 231 888; x_wconf 74' lang='lat' dir='ltr'><strong>nasu</strong></span> <span class='ocrx_word' id='word_1_53' title='bbox 249 853 293 898; x_wconf 75' lang='lat' dir='ltr'><strong>ego</strong></span> <span class='ocrx_word' id='word_1_54' title='bbox 311 838 354 886; x_wconf 85' lang='lat' dir='ltr'><strong>itoc</strong></span> <span class='ocrx_word' id='word_1_55' title='bbox 375 839 510 887; x_wconf 78' lang='lat' dir='ltr'><strong>candentem</strong></span> <span class='ocrx_word' id='word_1_56' title='bbox 530 839 555 886; x_wconf 84' lang='lat' dir='ltr'><strong>is</strong></span> <span class='ocrx_word' id='word_1_57' title='bbox 577 838 646 888; x_wconf 79' lang='lat' dir='ltr'><strong>litore</strong></span> <span class='ocrx_word' id='word_1_58' title='bbox 682 837 820 889; x_wconf 81' lang='lat' dir='ltr'><strong>intinctus.</strong></span> <span class='ocrx_word' id='word_1_59' title='bbox 855 840 913 888; x_wconf 75' lang='lat' dir='ltr'><strong>Aris</strong></span> <span class='ocrx_word' id='word_1_60' title='bbox 929 840 1097 903; x_wconf 67' lang='lat' dir='ltr'><strong>projicinatur,</strong></span> <span class='ocrx_word' id='word_1_61' title='bbox 1116 839 1216 892; x_wconf 69' lang='lat' dir='ltr'><strong>messe</strong></span> <span class='ocrx_word' id='word_1_62' title='bbox 1259 850 1261 883; x_wconf 73' lang='grc' dir='ltr'>Ξ</span> 
     </span>
     <span class='ocr_line' id='line_1_8' title="bbox 115 913 1261 980; baseline 0.005 -17"><span class='ocrx_word' id='word_1_63' title='bbox 115 913 645 980; x_wconf 68' lang='lat' dir='ltr'><strong>sumu]1nmmmocouscesmqueu</strong></span> <span class='ocrx_word' id='word_1_64' title='bbox 682 916 858 979; x_wconf 79' lang='lat' dir='ltr'><strong>porriguntur.</strong></span> <span class='ocrx_word' id='word_1_65' title='bbox 892 917 949 966; x_wconf 86' lang='lat' dir='ltr'><strong>Nisi</strong></span> <span class='ocrx_word' id='word_1_66' title='bbox 969 916 1038 966; x_wconf 82' lang='lat' dir='ltr'><strong>forte</strong></span> <span class='ocrx_word' id='word_1_67' title='bbox 1058 916 1174 966; x_wconf 66' lang='lat' dir='ltr'><strong>dicamas</strong></span> <span class='ocrx_word' id='word_1_68' title='bbox 1189 933 1216 969; x_wconf 77' lang='lat' dir='ltr'><strong>e·</strong></span> <span class='ocrx_word' id='word_1_69' title='bbox 1258 930 1261 959; x_wconf 83' lang='lat'><strong>¹</strong></span> 
     </span>
     <span class='ocr_line' id='line_1_9' title="bbox 116 989 1217 1057; baseline 0.002 -15"><span class='ocrx_word' id='word_1_70' title='bbox 116 993 299 1057; x_wconf 77' lang='lat' dir='ltr'><strong>praepositione</strong></span> <span class='ocrx_word' id='word_1_71' title='bbox 310 992 385 1041; x_wconf 85' lang='lat' dir='ltr'><strong>loculi</strong></span> <span class='ocrx_word' id='word_1_72' title='bbox 396 993 500 1054; x_wconf 81' lang='lat' dir='ltr'><strong>iegitur,</strong></span> <span class='ocrx_word' id='word_1_73' title='bbox 515 993 582 1057; x_wconf 90' lang='lat' dir='ltr'><strong>qnod</strong></span> <span class='ocrx_word' id='word_1_74' title='bbox 594 1009 645 1043; x_wconf 87' lang='lat' dir='ltr'><strong>ma·</strong></span> <span class='ocrx_word' id='word_1_75' title='bbox 682 991 743 1040; x_wconf 85' lang='lat' dir='ltr'><strong>tiam</strong></span> <span class='ocrx_word' id='word_1_76' title='bbox 764 989 886 1040; x_wconf 86' lang='lat' dir='ltr'><strong>fluctibus</strong></span> <span class='ocrx_word' id='word_1_77' title='bbox 908 990 1012 1041; x_wconf 81' lang='lat' dir='ltr'><strong>offerti:</strong></span> <span class='ocrx_word' id='word_1_78' title='bbox 1036 991 1107 1056; x_wconf 89' lang='lat' dir='ltr'><strong>quod</strong></span> <span class='ocrx_word' id='word_1_79' title='bbox 1128 993 1217 1056; x_wconf 78' lang='lat' dir='ltr'><strong>riost,</strong></span> 
     </span>
     <span class='ocr_line' id='line_1_10' title="bbox 116 1067 1216 1133; baseline -0.003 -14"><span class='ocrx_word' id='word_1_80' title='bbox 116 1070 156 1131; x_wconf 73' lang='lat' dir='ltr'><strong>gis</strong></span> <span class='ocrx_word' id='word_1_81' title='bbox 179 1069 274 1132; x_wconf 85' lang='lat' dir='ltr'><strong>piacet.</strong></span> <span class='ocrx_word' id='word_1_82' title='bbox 320 1068 350 1116; x_wconf 89' lang='lat' dir='ltr'><strong>lu</strong></span> <span class='ocrx_word' id='word_1_83' title='bbox 374 1068 494 1117; x_wconf 88' lang='lat' dir='ltr'><strong>Medicco</strong></span> <span class='ocrx_word' id='word_1_84' title='bbox 516 1084 566 1118; x_wconf 89' lang='lat' dir='ltr'><strong>uua</strong></span> <span class='ocrx_word' id='word_1_85' title='bbox 587 1070 662 1132; x_wconf 75' lang='lat' dir='ltr'><strong>pius&#39;</strong></span> <span class='ocrx_word' id='word_1_86' title='bbox 679 1067 807 1130; x_wconf 69' lang='lat' dir='ltr'><strong>porriciam</strong></span> <span class='ocrx_word' id='word_1_87' title='bbox 817 1067 953 1131; x_wconf 81' lang='lat' dir='ltr'><strong>legendum</strong></span> <span class='ocrx_word' id='word_1_88' title='bbox 963 1073 1014 1130; x_wconf 88' lang='lat' dir='ltr'><strong>est,</strong></span> <span class='ocrx_word' id='word_1_89' title='bbox 1033 1067 1061 1116; x_wconf 90' lang='lat' dir='ltr'><strong>id</strong></span> <span class='ocrx_word' id='word_1_90' title='bbox 1079 1075 1130 1133; x_wconf 85' lang='lat' dir='ltr'><strong>est,</strong></span> <span class='ocrx_word' id='word_1_91' title='bbox 1144 1082 1216 1133; x_wconf 78' lang='lat' dir='ltr'><strong>paen</strong></span> 
     </span>
     <span class='ocr_line' id='line_1_11' title="bbox 115 1142 918 1206; baseline -0.002 -12"><span class='ocrx_word' id='word_1_92' title='bbox 115 1145 229 1195; x_wconf 83' lang='lat' dir='ltr'><strong>dictione</strong></span> <span class='ocrx_word' id='word_1_93' title='bbox 244 1145 345 1206; x_wconf 68' lang='lat' dir='ltr'><strong>lenitur,</strong></span> <span class='ocrx_word' id='word_1_94' title='bbox 362 1145 604 1206; x_wconf 74' lang='lat' dir='ltr'><strong>eguitoceandentem</strong></span> <span class='ocrx_word' id='word_1_95' title='bbox 618 1147 645 1196; x_wconf 80' lang='lat' dir='ltr'><strong>is</strong></span> <span class='ocrx_word' id='word_1_96' title='bbox 673 1142 771 1201; x_wconf 66' lang='lat' dir='ltr'><strong>jusum.</strong></span> <span class='ocrx_word' id='word_1_97' title='bbox 804 1143 918 1193; x_wconf 84' lang='lat' dir='ltr'><strong>Servius.</strong></span> 
     </span>
     <span class='ocr_line' id='line_1_12' title="bbox 114 1217 1216 1285; baseline 0.001 -16"><span class='ocrx_word' id='word_1_98' title='bbox 114 1221 194 1283; x_wconf 77' lang='lat' dir='ltr'><strong>litore,</strong></span> <span class='ocrx_word' id='word_1_99' title='bbox 211 1228 241 1269; x_wconf 89' lang='lat' dir='ltr'><strong>ut</strong></span> <span class='ocrx_word' id='word_1_100' title='bbox 252 1223 305 1269; x_wconf 89' lang='lat' dir='ltr'><strong>cito</strong></span> <span class='ocrx_word' id='word_1_101' title='bbox 316 1220 394 1269; x_wconf 85' lang='lat' dir='ltr'><strong>etiam</strong></span> <span class='ocrx_word' id='word_1_102' title='bbox 406 1221 546 1269; x_wconf 84' lang='lat' dir='ltr'><strong>soluturum</strong></span> <span class='ocrx_word' id='word_1_103' title='bbox 558 1236 585 1271; x_wconf 90' lang='lat' dir='ltr'><strong>se</strong></span> <span class='ocrx_word' id='word_1_104' title='bbox 602 1237 646 1271; x_wconf 81' lang='lat' dir='ltr'><strong>ro·</strong></span> <span class='ocrx_word' id='word_1_105' title='bbox 713 1218 860 1281; x_wconf 70' lang='lat' dir='ltr'><strong>Patricium]</strong></span> <span class='ocrx_word' id='word_1_106' title='bbox 886 1219 946 1268; x_wconf 89' lang='lat' dir='ltr'><strong>Non</strong></span> <span class='ocrx_word' id='word_1_107' title='bbox 958 1219 1137 1283; x_wconf 71' lang='lat' dir='ltr'><strong>compescite,</strong></span> <span class='ocrx_word' id='word_1_108' title='bbox 1153 1217 1216 1285; x_wconf 90' lang='lat' dir='ltr'><strong>quid</strong></span> 
     </span>
     <span class='ocr_line' id='line_1_13' title="bbox 117 1294 1217 1360; baseline -0.001 -14"><span class='ocrx_word' id='word_1_109' title='bbox 117 1304 170 1346; x_wconf 92' lang='lat' dir='ltr'><strong>tum</strong></span> <span class='ocrx_word' id='word_1_110' title='bbox 184 1296 281 1345; x_wconf 88' lang='lat' dir='ltr'><strong>innuat.</strong></span> <span class='ocrx_word' id='word_1_111' title='bbox 315 1297 418 1345; x_wconf 83' lang='lat' dir='ltr'><strong>Pierius.</strong></span> <span class='ocrx_word' id='word_1_112' title='bbox 683 1294 835 1344; x_wconf 73' lang='lat' dir='ltr'><strong>Macrobius</strong></span> <span class='ocrx_word' id='word_1_113' title='bbox 853 1296 926 1344; x_wconf 77' lang='lat' dir='ltr'><strong>Lars.</strong></span> <span class='ocrx_word' id='word_1_114' title='bbox 946 1295 1120 1344; x_wconf 65' lang='lat' dir='ltr'><strong>&amp;muralium</strong></span> <span class='ocrx_word' id='word_1_115' title='bbox 1140 1308 1217 1360; x_wconf 63' lang='lat' dir='ltr'><strong>supa</strong></span> 
     </span>
     <span class='ocr_line' id='line_1_14' title="bbox 148 1371 1217 1437; baseline -0.001 -15"><span class='ocrx_word' id='word_1_116' title='bbox 148 1376 196 1422; x_wconf 71' lang='lat'><strong>2⁸⁷</strong></span> <span class='ocrx_word' id='word_1_117' title='bbox 221 1373 283 1422; x_wconf 76' lang='lat' dir='ltr'><strong>Ante</strong></span> <span class='ocrx_word' id='word_1_118' title='bbox 302 1372 366 1435; x_wconf 82' lang='lat' dir='ltr'><strong>oms]</strong></span> <span class='ocrx_word' id='word_1_119' title='bbox 394 1375 436 1422; x_wconf 90' lang='lat' dir='ltr'><strong>De</strong></span> <span class='ocrx_word' id='word_1_120' title='bbox 457 1374 549 1437; x_wconf 85' lang='lat' dir='ltr'><strong>quibos</strong></span> <span class='ocrx_word' id='word_1_121' title='bbox 569 1375 645 1437; x_wconf 84' lang='lat' dir='ltr'><strong>paulo</strong></span> <span class='ocrx_word' id='word_1_122' title='bbox 684 1371 735 1420; x_wconf 86' lang='lat' dir='ltr'><strong>hoc</strong></span> <span class='ocrx_word' id='word_1_123' title='bbox 756 1372 837 1421; x_wconf 84' lang='lat' dir='ltr'><strong>verbo</strong></span> <span class='ocrx_word' id='word_1_124' title='bbox 857 1372 1000 1423; x_wconf 85' lang='lat' dir='ltr'><strong>tradiderit.</strong></span> <span class='ocrx_word' id='word_1_125' title='bbox 1042 1372 1162 1437; x_wconf 78' lang='lat' dir='ltr'><strong>Antiqua</strong></span> <span class='ocrx_word' id='word_1_126' title='bbox 1179 1379 1217 1421; x_wconf 75' lang='lat' dir='ltr'><strong>to·</strong></span> 
     </span>
     <span class='ocr_line' id='line_1_15' title="bbox 115 1449 1217 1513; baseline 0.001 -15"><span class='ocrx_word' id='word_1_127' title='bbox 115 1451 201 1512; x_wconf 86' lang='lat' dir='ltr'><strong>post‚‘</strong></span> <span class='ocrx_word' id='word_1_128' title='bbox 214 1449 277 1498; x_wconf 89' lang='lat' dir='ltr'><strong>Pars</strong></span> <span class='ocrx_word' id='word_1_129' title='bbox 286 1451 399 1513; x_wconf 80' lang='lat' dir='ltr'><strong>spoliant</strong></span> <span class='ocrx_word' id='word_1_130' title='bbox 411 1450 485 1499; x_wconf 85' lang='lat' dir='ltr'><strong>aras.&#39;</strong></span> <span class='ocrx_word' id='word_1_131' title='bbox 518 1450 621 1501; x_wconf 66' lang='lat' dir='ltr'><strong>&amp;roim</strong></span> <span class='ocrx_word' id='word_1_132' title='bbox 681 1462 739 1496; x_wconf 84' lang='lat' dir='ltr'><strong>men</strong></span> <span class='ocrx_word' id='word_1_133' title='bbox 751 1449 835 1498; x_wconf 90' lang='lat' dir='ltr'><strong>omnia</strong></span> <span class='ocrx_word' id='word_1_134' title='bbox 846 1449 1011 1512; x_wconf 83' lang='lat' dir='ltr'><strong>exemplaris,</strong></span> <span class='ocrx_word' id='word_1_135' title='bbox 1030 1455 1159 1512; x_wconf 73' lang='lat' dir='ltr'><strong>quotquot</strong></span> <span class='ocrx_word' id='word_1_136' title='bbox 1173 1449 1217 1499; x_wconf 79' lang='lat' dir='ltr'><strong>ira·</strong></span> 
     </span>
     <span class='ocr_line' id='line_1_16' title="bbox 151 1523 1216 1589; baseline -0.002 -13"><span class='ocrx_word' id='word_1_137' title='bbox 151 1527 207 1576; x_wconf 85' lang='lat' dir='ltr'><strong>Voti</strong></span> <span class='ocrx_word' id='word_1_138' title='bbox 226 1527 291 1589; x_wconf 84' lang='lat' dir='ltr'><strong>reus]</strong></span> <span class='ocrx_word' id='word_1_139' title='bbox 322 1527 443 1576; x_wconf 78' lang='lat' dir='ltr'><strong>Debitor.</strong></span> <span class='ocrx_word' id='word_1_140' title='bbox 485 1528 561 1576; x_wconf 83' lang='lat' dir='ltr'>Unde</span> <span class='ocrx_word' id='word_1_141' title='bbox 584 1534 645 1576; x_wconf 82' lang='lat' dir='ltr'><strong>vota</strong></span> <span class='ocrx_word' id='word_1_142' title='bbox 683 1523 745 1572; x_wconf 86' lang='lat' dir='ltr'><strong>bere</strong></span> <span class='ocrx_word' id='word_1_143' title='bbox 764 1525 846 1588; x_wconf 88' lang='lat' dir='ltr'><strong>potui,</strong></span> <span class='ocrx_word' id='word_1_144' title='bbox 865 1539 916 1574; x_wconf 91' lang='lat' dir='ltr'><strong>uuo</strong></span> <span class='ocrx_word' id='word_1_145' title='bbox 935 1524 1077 1589; x_wconf 79' lang='lat' dir='ltr'><strong>eodemque</strong></span> <span class='ocrx_word' id='word_1_146' title='bbox 1097 1526 1216 1589; x_wconf 75' lang='lat' dir='ltr'><strong>exempta</strong></span> 
     </span>
     <span class='ocr_line' id='line_1_17' title="bbox 115 1600 1217 1666; baseline -0.001 -13"><span class='ocrx_word' id='word_1_147' title='bbox 115 1604 252 1664; x_wconf 80' lang='lat' dir='ltr'><strong>solventes,</strong></span> <span class='ocrx_word' id='word_1_148' title='bbox 279 1603 386 1652; x_wconf 88' lang='lat' dir='ltr'><strong>dicimus</strong></span> <span class='ocrx_word' id='word_1_149' title='bbox 407 1604 530 1652; x_wconf 77' lang='lat' dir='ltr'><strong>abacistae.</strong></span> <span class='ocrx_word' id='word_1_150' title='bbox 579 1603 644 1652; x_wconf 89' lang='lat' dir='ltr'><strong>lude</strong></span> <span class='ocrx_word' id='word_1_151' title='bbox 682 1600 780 1662; x_wconf 79' lang='lat' dir='ltr'><strong>legunt,</strong></span> <span class='ocrx_word' id='word_1_152' title='bbox 799 1602 930 1664; x_wconf 68' lang='lat' dir='ltr'><strong>proiciare:</strong></span> <span class='ocrx_word' id='word_1_153' title='bbox 947 1601 1026 1665; x_wconf 84' lang='lat' dir='ltr'><strong>idque</strong></span> <span class='ocrx_word' id='word_1_154' title='bbox 1047 1601 1124 1650; x_wconf 82' lang='lat' dir='ltr'><strong>unico</strong></span> <span class='ocrx_word' id='word_1_155' title='bbox 1141 1603 1153 1651; x_wconf 88' lang='lat' dir='ltr'><strong>i</strong></span> <span class='ocrx_word' id='word_1_156' title='bbox 1170 1615 1217 1666; x_wconf 82' lang='lat' dir='ltr'><strong>pro</strong></span> 
     </span>
     <span class='ocr_line' id='line_1_18' title="bbox 115 1676 1216 1744; baseline 0.001 -16"><span class='ocrx_word' id='word_1_157' title='bbox 115 1685 166 1741; x_wconf 87' lang='lat' dir='ltr'><strong>est,</strong></span> <span class='ocrx_word' id='word_1_158' title='bbox 193 1679 356 1728; x_wconf 83' lang='lat' dir='ltr'><strong>‘Damnabis</strong></span> <span class='ocrx_word' id='word_1_159' title='bbox 386 1685 413 1729; x_wconf 89' lang='lat' dir='ltr'><strong>tu</strong></span> <span class='ocrx_word' id='word_1_160' title='bbox 439 1694 541 1744; x_wconf 89' lang='lat' dir='ltr'><strong>quoque</strong></span> <span class='ocrx_word' id='word_1_161' title='bbox 564 1678 645 1743; x_wconf 82' lang='lat' dir='ltr'><strong>votis,’</strong></span> <span class='ocrx_word' id='word_1_162' title='bbox 682 1676 721 1726; x_wconf 89' lang='lat' dir='ltr'><strong>sui</strong></span> <span class='ocrx_word' id='word_1_163' title='bbox 731 1677 854 1740; x_wconf 89' lang='lat' dir='ltr'><strong>temporis</strong></span> <span class='ocrx_word' id='word_1_164' title='bbox 864 1677 1058 1729; x_wconf 81' lang='lat' dir='ltr'><strong>consuetudine.</strong></span> <span class='ocrx_word' id='word_1_165' title='bbox 1081 1678 1216 1729; x_wconf 74' lang='lat' dir='ltr'><strong>Usta-su</strong></span> 
     </span>
     <span class='ocr_line' id='line_1_19' title="bbox 116 1751 1216 1820; baseline 0.001 -16"><span class='ocrx_word' id='word_1_166' title='bbox 116 1756 187 1820; x_wconf 83' lang='lat' dir='ltr'><strong>quasi</strong></span> <span class='ocrx_word' id='word_1_167' title='bbox 198 1770 256 1804; x_wconf 86' lang='lat' dir='ltr'><strong>reos</strong></span> <span class='ocrx_word' id='word_1_168' title='bbox 268 1753 354 1806; x_wconf 83' lang='lat' dir='ltr'><strong>facies.</strong></span> <span class='ocrx_word' id='word_1_169' title='bbox 390 1756 463 1805; x_wconf 83' lang='lat' dir='ltr'><strong>Idem.</strong></span> <span class='ocrx_word' id='word_1_170' title='bbox 683 1751 791 1800; x_wconf 86' lang='lat' dir='ltr'><strong>verbum</strong></span> <span class='ocrx_word' id='word_1_171' title='bbox 810 1752 859 1800; x_wconf 93' lang='lat' dir='ltr'><strong>hoc</strong></span> <span class='ocrx_word' id='word_1_172' title='bbox 873 1752 1034 1802; x_wconf 78' lang='lat' dir='ltr'><strong>immutatum</strong></span> <span class='ocrx_word' id='word_1_173' title='bbox 1052 1753 1096 1816; x_wconf 85' lang='lat' dir='ltr'><strong>sit,</strong></span> <span class='ocrx_word' id='word_1_174' title='bbox 1115 1755 1216 1805; x_wconf 69' lang='lat' dir='ltr'><strong>mess</strong></span> 
     </span>
     <span class='ocr_line' id='line_1_20' title="bbox 153 1828 1215 1894; baseline 0 -13"><span class='ocrx_word' id='word_1_175' title='bbox 153 1831 208 1881; x_wconf 85' lang='lat' dir='ltr'><strong>Voti</strong></span> <span class='ocrx_word' id='word_1_176' title='bbox 218 1831 283 1893; x_wconf 84' lang='lat' dir='ltr'><strong>reus]</strong></span> <span class='ocrx_word' id='word_1_177' title='bbox 299 1831 331 1879; x_wconf 93' lang='lat' dir='ltr'><strong>ld</strong></span> <span class='ocrx_word' id='word_1_178' title='bbox 344 1839 392 1894; x_wconf 86' lang='lat' dir='ltr'><strong>est,</strong></span> <span class='ocrx_word' id='word_1_179' title='bbox 401 1834 456 1882; x_wconf 79' lang='lat' dir='ltr'><strong>voti</strong></span> <span class='ocrx_word' id='word_1_180' title='bbox 469 1832 571 1882; x_wconf 88' lang='lat' dir='ltr'><strong>debitor</strong></span> <span class='ocrx_word' id='word_1_181' title='bbox 581 1830 644 1882; x_wconf 87' lang='lat' dir='ltr'><strong>:uu-</strong></span> <span class='ocrx_word' id='word_1_182' title='bbox 683 1828 740 1877; x_wconf 86' lang='lat' dir='ltr'><strong>bins</strong></span> <span class='ocrx_word' id='word_1_183' title='bbox 759 1829 990 1878; x_wconf 72' lang='lat' dir='ltr'><strong>Grammaticorum</strong></span> <span class='ocrx_word' id='word_1_184' title='bbox 1002 1836 1030 1878; x_wconf 85' lang='lat' dir='ltr'><strong>et</strong></span> <span class='ocrx_word' id='word_1_185' title='bbox 1040 1829 1215 1881; x_wconf 66' lang='lat' dir='ltr'><strong>liburiam</strong></span> 
     </span>
     <span class='ocr_line' id='line_1_21' title="bbox 116 1905 1123 1966; baseline -0.001 -9"><span class='ocrx_word' id='word_1_186' title='bbox 116 1908 149 1957; x_wconf 88' lang='lat' dir='ltr'><strong>de</strong></span> <span class='ocrx_word' id='word_1_187' title='bbox 159 1914 249 1959; x_wconf 78' lang='lat' dir='ltr'><strong>atooto</strong></span> <span class='ocrx_word' id='word_1_188' title='bbox 258 1909 372 1956; x_wconf 81' lang='lat' dir='ltr'><strong>soluentes</strong></span> <span class='ocrx_word' id='word_1_189' title='bbox 382 1907 490 1958; x_wconf 89' lang='lat' dir='ltr'><strong>dicimus</strong></span> <span class='ocrx_word' id='word_1_190' title='bbox 500 1908 645 1958; x_wconf 81' lang='lat' dir='ltr'><strong>absolutos:</strong></span> <span class='ocrx_word' id='word_1_191' title='bbox 682 1905 814 1966; x_wconf 77' lang='lat' dir='ltr'><strong>imperitia</strong></span> <span class='ocrx_word' id='word_1_192' title='bbox 826 1905 921 1954; x_wconf 78' lang='lat' dir='ltr'><strong>fectum</strong></span> <span class='ocrx_word' id='word_1_193' title='bbox 934 1905 979 1954; x_wconf 78' lang='lat' dir='ltr'><strong>tit.</strong></span> <span class='ocrx_word' id='word_1_194' title='bbox 1012 1905 1123 1956; x_wconf 73' lang='lat' dir='ltr'><strong>Pierius.</strong></span> 
     </span>
     <span class='ocr_line' id='line_1_22' title="bbox 115 1981 1217 2050; baseline 0 -18"><span class='ocrx_word' id='word_1_195' title='bbox 115 1991 145 2032; x_wconf 90' lang='lat' dir='ltr'><strong>ut</strong></span> <span class='ocrx_word' id='word_1_196' title='bbox 165 1984 239 2033; x_wconf 86' lang='lat' dir='ltr'><strong>Serv.</strong></span> <span class='ocrx_word' id='word_1_197' title='bbox 262 1985 376 2047; x_wconf 83' lang='lat' dir='ltr'><strong>exponit.</strong></span> <span class='ocrx_word' id='word_1_198' title='bbox 415 1987 565 2050; x_wconf 80' lang='lat' dir='ltr'><strong>Quanquam</strong></span> <span class='ocrx_word' id='word_1_199' title='bbox 587 1987 644 2038; x_wconf 77' lang='lat' dir='ltr'><strong>Jos.</strong></span> <span class='ocrx_word' id='word_1_200' title='bbox 715 1983 827 2045; x_wconf 76' lang='lat' dir='ltr'><strong>Extaque</strong></span> <span class='ocrx_word' id='word_1_201' title='bbox 843 1984 918 2031; x_wconf 81' lang='lat' dir='ltr'><strong>ssim</strong></span> <span class='ocrx_word' id='word_1_202' title='bbox 933 1981 1217 2047; x_wconf 56' lang='lat' dir='ltr'><strong>Pudentem]</strong></span> 
     </span>
     <span class='ocr_line' id='line_1_23' title="bbox 116 2055 1218 2121; baseline -0.002 -11"><span class='ocrx_word' id='word_1_203' title='bbox 116 2059 228 2110; x_wconf 81' lang='lat' dir='ltr'><strong>castam</strong></span> <span class='ocrx_word' id='word_1_204' title='bbox 250 2061 358 2109; x_wconf 87' lang='lat' dir='ltr'><strong>Deeudc</strong></span> <span class='ocrx_word' id='word_1_205' title='bbox 378 2063 402 2108; x_wconf 73' lang='lat'><strong>³.</strong></span> <span class='ocrx_word' id='word_1_206' title='bbox 421 2076 445 2109; x_wconf 92' lang='lat' dir='ltr'><strong>c.</strong></span> <span class='ocrx_word' id='word_1_207' title='bbox 464 2065 488 2109; x_wconf 77' lang='grc'><strong>9.</strong></span> <span class='ocrx_word' id='word_1_208' title='bbox 514 2061 570 2111; x_wconf 79' lang='lat' dir='ltr'><strong>haec</strong></span> <span class='ocrx_word' id='word_1_209' title='bbox 594 2076 644 2110; x_wconf 91' lang='lat' dir='ltr'><strong>non</strong></span> <span class='ocrx_word' id='word_1_210' title='bbox 682 2057 724 2105; x_wconf 86' lang='lat' dir='ltr'><strong>Ex</strong></span> <span class='ocrx_word' id='word_1_211' title='bbox 743 2057 820 2106; x_wconf 84' lang='lat' dir='ltr'><strong>Hom.</strong></span> <span class='ocrx_word' id='word_1_212' title='bbox 842 2058 874 2106; x_wconf 87' lang='grc' dir='ltr'><strong>ΙΙ.</strong></span> <span class='ocrx_word' id='word_1_213' title='bbox 887 2064 914 2106; x_wconf 79' lang='grc' dir='ltr'><strong>Τ.</strong></span> <span class='ocrx_word' id='word_1_214' title='bbox 934 2055 959 2118; x_wconf 77' lang='grc' dir='ltr'><strong>ἧ,</strong></span> <span class='ocrx_word' id='word_1_215' title='bbox 972 2057 1012 2106; x_wconf 67' lang='lat' dir='ltr'><strong>mi</strong></span> <span class='ocrx_word' id='word_1_216' title='bbox 1028 2057 1077 2106; x_wconf 66' lang='grc' dir='ltr'><strong>ὰπὸ</strong></span> <span class='ocrx_word' id='word_1_217' title='bbox 1093 2057 1218 2121; x_wconf 61' lang='lat' dir='ltr'><strong>orium</strong></span> 
     </span>
     <span class='ocr_line' id='line_1_24' title="bbox 114 2131 1217 2199; baseline 0 -15"><span class='ocrx_word' id='word_1_218' title='bbox 114 2136 223 2199; x_wconf 85' lang='lat' dir='ltr'><strong>probat:</strong></span> <span class='ocrx_word' id='word_1_219' title='bbox 240 2135 296 2196; x_wconf 90' lang='lat' dir='ltr'><strong>sed,</strong></span> <span class='ocrx_word' id='word_1_220' title='bbox 316 2140 410 2184; x_wconf 74' lang='lat' dir='ltr'><strong>murum</strong></span> <span class='ocrx_word' id='word_1_221' title='bbox 426 2137 573 2186; x_wconf 71' lang='lat' dir='ltr'><strong>constituam</strong></span> <span class='ocrx_word' id='word_1_222' title='bbox 590 2143 646 2187; x_wconf 79' lang='lat' dir='ltr'><strong>aste</strong></span> <span class='ocrx_word' id='word_1_223' title='bbox 682 2131 1024 2197; x_wconf 69' lang='grc' dir='ltr'><strong>κέπροντάμινηλέτχαλκᾷ·</strong></span> <span class='ocrx_word' id='word_1_224' title='bbox 1048 2132 1217 2195; x_wconf 56' lang='lat' dir='ltr'><strong>&#39;dirutum-</strong></span> 
     </span>
     <span class='ocr_line' id='line_1_25' title="bbox 114 2209 1216 2275; baseline 0.001 -14"><span class='ocrx_word' id='word_1_225' title='bbox 114 2228 169 2262; x_wconf 80' lang='lat' dir='ltr'><strong>sras</strong></span> <span class='ocrx_word' id='word_1_226' title='bbox 179 2213 229 2262; x_wconf 80' lang='lat' dir='ltr'><strong>soti</strong></span> <span class='ocrx_word' id='word_1_227' title='bbox 245 2228 308 2274; x_wconf 79' lang='lat' dir='ltr'><strong>reru,</strong></span> <span class='ocrx_word' id='word_1_228' title='bbox 323 2213 371 2275; x_wconf 91' lang='lat' dir='ltr'><strong>ipsi</strong></span> <span class='ocrx_word' id='word_1_229' title='bbox 389 2220 438 2275; x_wconf 87' lang='lat' dir='ltr'><strong>est,</strong></span> <span class='ocrx_word' id='word_1_230' title='bbox 459 2214 497 2261; x_wconf 85' lang='lat' dir='ltr'><strong>Ex</strong></span> <span class='ocrx_word' id='word_1_231' title='bbox 514 2221 577 2262; x_wconf 84' lang='lat' dir='ltr'><strong>roto</strong></span> <span class='ocrx_word' id='word_1_232' title='bbox 589 2220 645 2264; x_wconf 86' lang='lat' dir='ltr'><strong>tuu-</strong></span> <span class='ocrx_word' id='word_1_233' title='bbox 682 2209 761 2266; x_wconf 76' lang='grc' dir='ltr'><strong><em>θύβως</em></strong></span> <span class='ocrx_word' id='word_1_234' title='bbox 770 2214 855 2269; x_wconf 75' lang='grc' dir='ltr'><strong>πολιῆς</strong></span> <span class='ocrx_word' id='word_1_235' title='bbox 866 2210 924 2261; x_wconf 69' lang='grc' dir='ltr'><strong>ἁλὸς</strong></span> <span class='ocrx_word' id='word_1_236' title='bbox 935 2212 958 2261; x_wconf 79' lang='lat' dir='ltr'><strong>is</strong></span> <span class='ocrx_word' id='word_1_237' title='bbox 970 2210 1036 2273; x_wconf 65' lang='grc' dir='ltr'><strong>μέγα</strong></span> <span class='ocrx_word' id='word_1_238' title='bbox 1052 2214 1145 2274; x_wconf 67' lang='lat' dir='ltr'><strong>uirus</strong></span> <span class='ocrx_word' id='word_1_239' title='bbox 1159 2210 1216 2274; x_wconf 65' lang='lat' dir='ltr'><strong>qupp</strong></span> 
     </span>
     <span class='ocr_line' id='line_1_26' title="bbox 115 2285 1215 2352; baseline 0.002 -15"><span class='ocrx_word' id='word_1_240' title='bbox 115 2286 645 2352; x_wconf 71' lang='lat' dir='ltr'><strong>rumimmotabo‚etsacrificiumsuscep·</strong></span> <span class='ocrx_word' id='word_1_241' title='bbox 682 2286 823 2349; x_wconf 67' lang='lat' dir='ltr'><strong>hiduinus,</strong></span> <span class='ocrx_word' id='word_1_242' title='bbox 848 2287 918 2344; x_wconf 77' lang='grc' dir='ltr'><strong>βόσιν</strong></span> <span class='ocrx_word' id='word_1_243' title='bbox 936 2285 1039 2348; x_wconf 67' lang='grc' dir='ltr'><strong>ἰχθύσιν.</strong></span> <span class='ocrx_word' id='word_1_244' title='bbox 1084 2289 1215 2340; x_wconf 67' lang='lat' dir='ltr'><strong>Getam</strong></span> 
     </span>
     <span class='ocr_line' id='line_1_27' title="bbox 115 2362 1216 2428; baseline -0.002 -14"><span class='ocrx_word' id='word_1_245' title='bbox 115 2373 142 2414; x_wconf 87' lang='lat' dir='ltr'><strong>to</strong></span> <span class='ocrx_word' id='word_1_246' title='bbox 155 2371 223 2426; x_wconf 89' lang='lat' dir='ltr'><strong>voto,</strong></span> <span class='ocrx_word' id='word_1_247' title='bbox 233 2363 334 2412; x_wconf 86' lang='lat' dir='ltr'><strong>faciam.</strong></span> <span class='ocrx_word' id='word_1_248' title='bbox 364 2362 406 2410; x_wconf 90' lang='lat' dir='ltr'><strong>Ita</strong></span> <span class='ocrx_word' id='word_1_249' title='bbox 416 2364 513 2411; x_wconf 84' lang='lat' dir='ltr'><strong>Statius</strong></span> <span class='ocrx_word' id='word_1_250' title='bbox 525 2365 571 2413; x_wconf 81' lang='lat' dir='ltr'><strong>Th.</strong></span> <span class='ocrx_word' id='word_1_251' title='bbox 579 2365 595 2413; x_wconf 89' lang='grc'><strong>1.</strong></span> <span class='ocrx_word' id='word_1_252' title='bbox 607 2378 644 2415; x_wconf 82' lang='lat' dir='ltr'><strong>vs.</strong></span> <span class='ocrx_word' id='word_1_253' title='bbox 681 2363 839 2413; x_wconf 82' lang='lat' dir='ltr'><strong>auctoritate</strong></span> <span class='ocrx_word' id='word_1_254' title='bbox 851 2363 978 2412; x_wconf 87' lang='lat' dir='ltr'><strong>Macrobii</strong></span> <span class='ocrx_word' id='word_1_255' title='bbox 993 2362 1122 2414; x_wconf 87' lang='lat' dir='ltr'><strong>adductus</strong></span> <span class='ocrx_word' id='word_1_256' title='bbox 1132 2365 1216 2428; x_wconf 72' lang='lat' dir='ltr'><strong>legen·</strong></span> 
     </span>
     <span class='ocr_line' id='line_1_28' title="bbox 121 2437 1216 2501; baseline 0.002 -14"><span class='ocrx_word' id='word_1_257' title='bbox 121 2438 175 2488; x_wconf 85' lang='lat' dir='ltr'><strong>Voti</strong></span> <span class='ocrx_word' id='word_1_258' title='bbox 191 2453 257 2486; x_wconf 80' lang='lat' dir='ltr'><strong>reum</strong></span> <span class='ocrx_word' id='word_1_259' title='bbox 269 2437 342 2498; x_wconf 86' lang='lat' dir='ltr'><strong>dicit,</strong></span> <span class='ocrx_word' id='word_1_260' title='bbox 361 2438 404 2500; x_wconf 91' lang='lat' dir='ltr'><strong>qui</strong></span> <span class='ocrx_word' id='word_1_261' title='bbox 423 2445 484 2486; x_wconf 81' lang='lat' dir='ltr'><strong>rota</strong></span> <span class='ocrx_word' id='word_1_262' title='bbox 500 2439 548 2487; x_wconf 89' lang='lat' dir='ltr'><strong>sub</strong></span> <span class='ocrx_word' id='word_1_263' title='bbox 560 2438 646 2490; x_wconf 86' lang='lat' dir='ltr'><strong>tondi·</strong></span> <span class='ocrx_word' id='word_1_264' title='bbox 683 2439 742 2488; x_wconf 89' lang='lat' dir='ltr'><strong>dnm</strong></span> <span class='ocrx_word' id='word_1_265' title='bbox 752 2439 888 2489; x_wconf 83' lang='lat' dir='ltr'><strong>contendit</strong></span> <span class='ocrx_word' id='word_1_266' title='bbox 898 2439 1216 2501; x_wconf 68' lang='lat' dir='ltr'><strong>Bamlirissouiaqeata·</strong></span> 
     </span>
     <span class='ocr_line' id='line_1_29' title="bbox 117 2514 1215 2578; baseline 0 -14"><span class='ocrx_word' id='word_1_267' title='bbox 117 2517 187 2564; x_wconf 68' lang='lat' dir='ltr'><strong>noue</strong></span> <span class='ocrx_word' id='word_1_268' title='bbox 206 2515 370 2576; x_wconf 72' lang='lat' dir='ltr'><strong>suscepisset.</strong></span> <span class='ocrx_word' id='word_1_269' title='bbox 415 2514 532 2564; x_wconf 83' lang='lat' dir='ltr'><strong>Macrob.</strong></span> <span class='ocrx_word' id='word_1_270' title='bbox 555 2529 598 2565; x_wconf 84' lang='grc' dir='ltr'><strong>ιιι.</strong></span> <span class='ocrx_word' id='word_1_271' title='bbox 619 2520 643 2565; x_wconf 75' lang='lat'><strong>2.</strong></span> <span class='ocrx_word' id='word_1_272' title='bbox 682 2516 806 2578; x_wconf 74' lang='lat' dir='ltr'><strong>quesntm</strong></span> <span class='ocrx_word' id='word_1_273' title='bbox 824 2516 956 2564; x_wconf 64' lang='lat' dir='ltr'><strong>Perniciosa</strong></span> <span class='ocrx_word' id='word_1_274' title='bbox 970 2515 1106 2578; x_wconf 73' lang='lat' dir='ltr'><strong>instantes,</strong></span> <span class='ocrx_word' id='word_1_275' title='bbox 1126 2524 1215 2566; x_wconf 85' lang='lat' dir='ltr'><strong>contra</strong></span> 
     </span>
     <span class='ocr_line' id='line_1_30' title="bbox 115 2590 1216 2655; baseline 0.002 -16"><span class='ocrx_word' id='word_1_276' title='bbox 115 2603 204 2639; x_wconf 86' lang='lat' dir='ltr'><strong>vocem</strong></span> <span class='ocrx_word' id='word_1_277' title='bbox 221 2590 286 2638; x_wconf 88' lang='lat' dir='ltr'><strong>hauc</strong></span> <span class='ocrx_word' id='word_1_278' title='bbox 305 2591 342 2638; x_wconf 88' lang='lat' dir='ltr'><strong>ait</strong></span> <span class='ocrx_word' id='word_1_279' title='bbox 358 2592 433 2640; x_wconf 86' lang='lat' dir='ltr'><strong>‘esse</strong></span> <span class='ocrx_word' id='word_1_280' title='bbox 442 2592 578 2641; x_wconf 77' lang='lat' dir='ltr'><strong>Sucronem</strong></span> <span class='ocrx_word' id='word_1_281' title='bbox 589 2607 646 2655; x_wconf 88' lang='lat' dir='ltr'><strong>pro·</strong></span> <span class='ocrx_word' id='word_1_282' title='bbox 682 2605 770 2640; x_wconf 88' lang='lat' dir='ltr'><strong>eorum</strong></span> <span class='ocrx_word' id='word_1_283' title='bbox 793 2592 948 2641; x_wconf 75' lang='lat' dir='ltr'><strong>seutentiam</strong></span> <span class='ocrx_word' id='word_1_284' title='bbox 969 2591 1013 2654; x_wconf 91' lang='lat' dir='ltr'><strong>qni</strong></span> <span class='ocrx_word' id='word_1_285' title='bbox 1030 2592 1162 2654; x_wconf 68' lang='lat' dir='ltr'><strong>prosicias·</strong></span> <span class='ocrx_word' id='word_1_286' title='bbox 1182 2593 1216 2641; x_wconf 80' lang='lat' dir='ltr'><strong>io·</strong></span> 
     </span>
     <span class='ocr_line' id='line_1_31' title="bbox 115 2666 1214 2732; baseline 0.003 -18"><span class='ocrx_word' id='word_1_287' title='bbox 115 2669 211 2730; x_wconf 87' lang='lat' dir='ltr'><strong>priam:</strong></span> <span class='ocrx_word' id='word_1_288' title='bbox 229 2676 258 2716; x_wconf 93' lang='lat' dir='ltr'><strong>ut</strong></span> <span class='ocrx_word' id='word_1_289' title='bbox 269 2682 321 2715; x_wconf 83' lang='lat' dir='ltr'><strong>reru</strong></span> <span class='ocrx_word' id='word_1_290' title='bbox 333 2674 447 2729; x_wconf 81' lang='lat' dir='ltr'><strong>vocetur,</strong></span> <span class='ocrx_word' id='word_1_291' title='bbox 458 2668 510 2731; x_wconf 91' lang='lat' dir='ltr'><strong>qui,</strong></span> <span class='ocrx_word' id='word_1_292' title='bbox 523 2676 645 2732; x_wconf 86' lang='lat' dir='ltr'><strong>suscepto</strong></span> <span class='ocrx_word' id='word_1_293' title='bbox 683 2675 756 2729; x_wconf 73' lang='lat' dir='ltr'><strong>gunt,</strong></span> <span class='ocrx_word' id='word_1_294' title='bbox 773 2667 954 2729; x_wconf 83' lang='lat' dir='ltr'><strong>existimatque</strong></span> <span class='ocrx_word' id='word_1_295' title='bbox 966 2666 1034 2716; x_wconf 85' lang='lat' dir='ltr'><strong>aliod</strong></span> <span class='ocrx_word' id='word_1_296' title='bbox 1046 2666 1128 2717; x_wconf 77' lang='lat' dir='ltr'><strong>fuisso</strong></span> <span class='ocrx_word' id='word_1_297' title='bbox 1136 2682 1214 2731; x_wconf 78' lang='lat' dir='ltr'><strong>prose-</strong></span> 
     </span>
     <span class='ocr_line' id='line_1_32' title="bbox 116 2742 1216 2806; baseline 0.005 -18"><span class='ocrx_word' id='word_1_298' title='bbox 116 2751 186 2806; x_wconf 83' lang='lat' dir='ltr'><strong>voto,</strong></span> <span class='ocrx_word' id='word_1_299' title='bbox 199 2757 226 2792; x_wconf 87' lang='lat' dir='ltr'><strong>se</strong></span> <span class='ocrx_word' id='word_1_300' title='bbox 238 2743 382 2792; x_wconf 86' lang='lat' dir='ltr'><strong>numinibus</strong></span> <span class='ocrx_word' id='word_1_301' title='bbox 393 2743 504 2802; x_wconf 68' lang='lat' dir='ltr'><strong>obligat:</strong></span> <span class='ocrx_word' id='word_1_302' title='bbox 522 2746 647 2793; x_wconf 74' lang='lat' dir='ltr'><strong>dannatus</strong></span> <span class='ocrx_word' id='word_1_303' title='bbox 682 2757 743 2799; x_wconf 83' lang='lat' dir='ltr'><strong>core.</strong></span> <span class='ocrx_word' id='word_1_304' title='bbox 762 2742 831 2791; x_wconf 85' lang='lat' dir='ltr'><strong>uliud</strong></span> <span class='ocrx_word' id='word_1_305' title='bbox 840 2743 975 2804; x_wconf 73' lang='lat' dir='ltr'><strong>porricere:</strong></span> <span class='ocrx_word' id='word_1_306' title='bbox 991 2757 1048 2806; x_wconf 75' lang='lat' dir='ltr'><strong>quae</strong></span> <span class='ocrx_word' id='word_1_307' title='bbox 1067 2758 1110 2794; x_wconf 82' lang='lat' dir='ltr'><strong>tes</strong></span> <span class='ocrx_word' id='word_1_308' title='bbox 1121 2759 1138 2793; x_wconf 88' lang='lat' dir='ltr'><strong>s</strong></span> <span class='ocrx_word' id='word_1_309' title='bbox 1147 2751 1216 2794; x_wconf 82' lang='lat' dir='ltr'><strong>veta·</strong></span> 
     </span>
    </p>

    <p class='ocr_par' dir='ltr' id='par_1_3' title="bbox 70 2817 1218 4104">
     <span class='ocr_line' id='line_1_33' title="bbox 70 2817 1215 2883; baseline 0.003 -17"><span class='ocrx_word' id='word_1_310' title='bbox 70 2855 75 2866; x_wconf 91' lang='lat'><strong>.</strong></span> <span class='ocrx_word' id='word_1_311' title='bbox 115 2827 210 2881; x_wconf 86' lang='lat' dir='ltr'><strong>autem,</strong></span> <span class='ocrx_word' id='word_1_312' title='bbox 221 2819 263 2882; x_wconf 92' lang='lat' dir='ltr'><strong>qui</strong></span> <span class='ocrx_word' id='word_1_313' title='bbox 276 2819 398 2883; x_wconf 86' lang='lat' dir='ltr'><strong>promissa</strong></span> <span class='ocrx_word' id='word_1_314' title='bbox 409 2819 502 2867; x_wconf 64' lang='lat' dir='ltr'><strong>solvit)</strong></span> <span class='ocrx_word' id='word_1_315' title='bbox 518 2820 568 2882; x_wconf 85' lang='lat' dir='ltr'><strong>(ita</strong></span> <span class='ocrx_word' id='word_1_316' title='bbox 576 2820 644 2868; x_wconf 85' lang='lat' dir='ltr'><strong>enirn</strong></span> <span class='ocrx_word' id='word_1_317' title='bbox 682 2832 738 2866; x_wconf 89' lang='lat' dir='ltr'><strong>runr</strong></span> <span class='ocrx_word' id='word_1_318' title='bbox 755 2817 939 2867; x_wconf 84' lang='lat' dir='ltr'><strong>sacrificiorum</strong></span> <span class='ocrx_word' id='word_1_319' title='bbox 957 2820 1009 2867; x_wconf 87' lang='lat' dir='ltr'><strong>ritu</strong></span> <span class='ocrx_word' id='word_1_320' title='bbox 1026 2825 1108 2883; x_wconf 85' lang='lat' dir='ltr'><strong>atque</strong></span> <span class='ocrx_word' id='word_1_321' title='bbox 1126 2820 1215 2870; x_wconf 82' lang='lat' dir='ltr'><strong>ordina</strong></span> 
     </span>
     <span class='ocr_line' id='line_1_34' title="bbox 116 2894 1216 2960; baseline 0.006 -19"><span class='ocrx_word' id='word_1_322' title='bbox 116 2896 167 2956; x_wconf 75' lang='lat' dir='ltr'><strong>teg.</strong></span> <span class='ocrx_word' id='word_1_323' title='bbox 197 2910 246 2958; x_wconf 89' lang='lat' dir='ltr'><strong>pro</strong></span> <span class='ocrx_word' id='word_1_324' title='bbox 275 2895 344 2957; x_wconf 77' lang='lat' dir='ltr'><strong>vulg.</strong></span> <span class='ocrx_word' id='word_1_325' title='bbox 372 2894 439 2956; x_wconf 80' lang='lat' dir='ltr'><strong>son).</strong></span> <span class='ocrx_word' id='word_1_326' title='bbox 489 2894 555 2943; x_wconf 84' lang='lat' dir='ltr'><strong>Vide</strong></span> <span class='ocrx_word' id='word_1_327' title='bbox 581 2897 645 2946; x_wconf 86' lang='lat' dir='ltr'><strong>Not.</strong></span> <span class='ocrx_word' id='word_1_328' title='bbox 682 2895 731 2958; x_wconf 89' lang='lat' dir='ltr'><strong>ipsi</strong></span> <span class='ocrx_word' id='word_1_329' title='bbox 753 2894 867 2957; x_wconf 87' lang='lat' dir='ltr'><strong>pendere</strong></span> <span class='ocrx_word' id='word_1_330' title='bbox 885 2894 998 2944; x_wconf 75' lang='lat' dir='ltr'><strong>videtur,</strong></span> <span class='ocrx_word' id='word_1_331' title='bbox 1038 2895 1123 2947; x_wconf 87' lang='lat' dir='ltr'><strong>Notat</strong></span> <span class='ocrx_word' id='word_1_332' title='bbox 1138 2896 1216 2960; x_wconf 72' lang='lat' dir='ltr'><strong>igttu</strong></span> 
     </span>
     <span class='ocr_line' id='line_1_35' title="bbox 115 2969 1218 3037; baseline 0.003 -18"><span class='ocrx_word' id='word_1_333' title='bbox 115 2973 171 3019; x_wconf 86' lang='lat' dir='ltr'><strong>Eci.</strong></span> <span class='ocrx_word' id='word_1_334' title='bbox 183 2984 210 3018; x_wconf 88' lang='lat' dir='ltr'><strong>v.</strong></span> <span class='ocrx_word' id='word_1_335' title='bbox 227 2974 234 2998; x_wconf 78' lang='lat'>⁸</span> <span class='ocrx_word' id='word_1_336' title='bbox 247 2969 380 3018; x_wconf 81' lang='lat' dir='ltr'><strong>damnabis</strong></span> <span class='ocrx_word' id='word_1_337' title='bbox 400 2978 427 3018; x_wconf 91' lang='lat' dir='ltr'><strong>tu</strong></span> <span class='ocrx_word' id='word_1_338' title='bbox 439 2985 541 3035; x_wconf 85' lang='lat' dir='ltr'><strong>quoquo</strong></span> <span class='ocrx_word' id='word_1_339' title='bbox 562 2971 646 3020; x_wconf 71' lang='lat' dir='ltr'><strong>votis!</strong></span> <span class='ocrx_word' id='word_1_340' title='bbox 683 2978 744 3020; x_wconf 84' lang='lat' dir='ltr'><strong>ante</strong></span> <span class='ocrx_word' id='word_1_341' title='bbox 763 2969 841 3019; x_wconf 68' lang='lat' dir='ltr'><strong>farmse</strong></span> <span class='ocrx_word' id='word_1_342' title='bbox 857 2977 976 3034; x_wconf 63' lang='lat' dir='ltr'><strong>promotu,</strong></span> <span class='ocrx_word' id='word_1_343' title='bbox 994 2979 1049 3021; x_wconf 84' lang='lat' dir='ltr'><strong>tum</strong></span> <span class='ocrx_word' id='word_1_344' title='bbox 1061 2971 1218 3037; x_wconf 81' lang='lat' dir='ltr'><strong>deindcpst·</strong></span> 
     </span>
     <span class='ocr_line' id='line_1_36' title="bbox 112 3046 1215 3112; baseline 0.003 -16"><span class='ocrx_word' id='word_1_345' title='bbox 112 3047 218 3096; x_wconf 85' lang='lat' dir='ltr'><strong>Servius</strong></span> <span class='ocrx_word' id='word_1_346' title='bbox 248 3048 280 3096; x_wconf 90' lang='lat' dir='ltr'><strong>P.</strong></span> <span class='ocrx_word' id='word_1_347' title='bbox 303 3046 430 3106; x_wconf 71' lang='lat' dir='ltr'><strong>Danielis,</strong></span> <span class='ocrx_word' id='word_1_348' title='bbox 451 3048 508 3095; x_wconf 85' lang='lat' dir='ltr'><strong>AEn.</strong></span> <span class='ocrx_word' id='word_1_349' title='bbox 527 3061 565 3096; x_wconf 77' lang='grc' dir='ltr'><strong>ιν.</strong></span> <span class='ocrx_word' id='word_1_350' title='bbox 587 3052 644 3097; x_wconf 80' lang='grc'><strong>699.</strong></span> <span class='ocrx_word' id='word_1_351' title='bbox 682 3052 748 3096; x_wconf 84' lang='lat' dir='ltr'><strong>recto</strong></span> <span class='ocrx_word' id='word_1_352' title='bbox 769 3053 834 3109; x_wconf 73' lang='lat' dir='ltr'><strong>exto,</strong></span> <span class='ocrx_word' id='word_1_353' title='bbox 855 3047 925 3112; x_wconf 89' lang='lat' dir='ltr'><strong>quod</strong></span> <span class='ocrx_word' id='word_1_354' title='bbox 944 3048 1035 3097; x_wconf 74' lang='lat' dir='ltr'><strong>hostia</strong></span> <span class='ocrx_word' id='word_1_355' title='bbox 1058 3063 1135 3098; x_wconf 71' lang='lat' dir='ltr'><strong>cm</strong></span> <span class='ocrx_word' id='word_1_356' title='bbox 1154 3055 1215 3099; x_wconf 79' lang='lat' dir='ltr'><strong>exta</strong></span> 
     </span>
     <span class='ocr_line' id='line_1_37' title="bbox 113 3122 1217 3190; baseline 0.001 -17"><span class='ocrx_word' id='word_1_357' title='bbox 113 3123 318 3173; x_wconf 77' lang='lat' dir='ltr'>‘DAMNARE</span> <span class='ocrx_word' id='word_1_358' title='bbox 347 3132 388 3173; x_wconf 89' lang='lat' dir='ltr'><strong>cst</strong></span> <span class='ocrx_word' id='word_1_359' title='bbox 415 3124 507 3173; x_wconf 88' lang='lat' dir='ltr'><strong>damno</strong></span> <span class='ocrx_word' id='word_1_360' title='bbox 533 3122 646 3186; x_wconf 84' lang='lat' dir='ltr'><strong>afficere,</strong></span> <span class='ocrx_word' id='word_1_361' title='bbox 683 3125 1009 3187; x_wconf 86' lang='lat' dir='ltr'><strong>prosecsrenturprimurn,</strong></span> <span class='ocrx_word' id='word_1_362' title='bbox 1028 3126 1089 3174; x_wconf 87' lang='lat' dir='ltr'><strong>dein</strong></span> <span class='ocrx_word' id='word_1_363' title='bbox 1107 3126 1217 3190; x_wconf 80' lang='lat' dir='ltr'><strong>panios-</strong></span> 
     </span>
     <span class='ocr_line' id='line_1_38' title="bbox 115 3201 1216 3265; baseline 0.005 -17"><span class='ocrx_word' id='word_1_364' title='bbox 115 3202 142 3250; x_wconf 87' lang='lat' dir='ltr'><strong>id</strong></span> <span class='ocrx_word' id='word_1_365' title='bbox 155 3208 203 3262; x_wconf 80' lang='lat' dir='ltr'><strong>est,</strong></span> <span class='ocrx_word' id='word_1_366' title='bbox 215 3202 305 3250; x_wconf 86' lang='lat' dir='ltr'><strong>debito</strong></span> <span class='ocrx_word' id='word_1_367' title='bbox 316 3201 435 3252; x_wconf 84' lang='lat' dir='ltr'><strong>liberare.</strong></span> <span class='ocrx_word' id='word_1_368' title='bbox 469 3201 533 3251; x_wconf 86' lang='lat' dir='ltr'><strong>Ideo</strong></span> <span class='ocrx_word' id='word_1_369' title='bbox 543 3208 579 3263; x_wconf 91' lang='lat' dir='ltr'><strong>et,</strong></span> <span class='ocrx_word' id='word_1_370' title='bbox 587 3215 645 3258; x_wconf 92' lang='lat' dir='ltr'><strong>cum</strong></span> <span class='ocrx_word' id='word_1_371' title='bbox 683 3210 782 3264; x_wconf 88' lang='lat' dir='ltr'><strong>rentur,</strong></span> <span class='ocrx_word' id='word_1_372' title='bbox 797 3203 908 3264; x_wconf 87' lang='lat' dir='ltr'><strong>honest,</strong></span> <span class='ocrx_word' id='word_1_373' title='bbox 923 3201 1155 3265; x_wconf 66' lang='lat' dir='ltr'><strong>uicinius-entur,</strong></span> <span class='ocrx_word' id='word_1_374' title='bbox 1171 3217 1216 3253; x_wconf 74' lang='lat' dir='ltr'><strong>aas</strong></span> 
     </span>
     <span class='ocr_line' id='line_1_39' title="bbox 114 3277 1217 3341; baseline 0.003 -17"><span class='ocrx_word' id='word_1_375' title='bbox 114 3285 175 3327; x_wconf 86' lang='lat' dir='ltr'><strong>vota</strong></span> <span class='ocrx_word' id='word_1_376' title='bbox 186 3278 353 3341; x_wconf 84' lang='lat' dir='ltr'><strong>suscepimus,</strong></span> <span class='ocrx_word' id='word_1_377' title='bbox 369 3279 416 3327; x_wconf 86' lang='lat' dir='ltr'><strong>Rei</strong></span> <span class='ocrx_word' id='word_1_378' title='bbox 426 3278 516 3327; x_wconf 85' lang='lat' dir='ltr'>VOTl</span> <span class='ocrx_word' id='word_1_379' title='bbox 528 3277 646 3341; x_wconf 86' lang='lat' dir='ltr'><strong>dicimur,</strong></span> <span class='ocrx_word' id='word_1_380' title='bbox 683 3277 891 3340; x_wconf 81' lang='lat' dir='ltr'><strong>imponerentur:</strong></span> <span class='ocrx_word' id='word_1_381' title='bbox 906 3285 934 3327; x_wconf 92' lang='lat' dir='ltr'><strong>et</strong></span> <span class='ocrx_word' id='word_1_382' title='bbox 943 3285 1147 3341; x_wconf 77' lang='lat' dir='ltr'><strong>proseosnosset</strong></span> <span class='ocrx_word' id='word_1_383' title='bbox 1156 3283 1217 3329; x_wconf 81' lang='lat' dir='ltr'><strong>exta</strong></span> 
     </span>
     <span class='ocr_line' id='line_1_40' title="bbox 114 3352 1216 3418; baseline 0.002 -17"><span class='ocrx_word' id='word_1_384' title='bbox 114 3354 197 3402; x_wconf 91' lang='lat' dir='ltr'><strong>donec</strong></span> <span class='ocrx_word' id='word_1_385' title='bbox 221 3368 406 3418; x_wconf 88' lang='lat' dir='ltr'><strong>consequamur</strong></span> <span class='ocrx_word' id='word_1_386' title='bbox 429 3354 591 3418; x_wconf 80' lang='lat' dir='ltr'><strong>beneficium,</strong></span> <span class='ocrx_word' id='word_1_387' title='bbox 618 3361 646 3403; x_wconf 90' lang='lat' dir='ltr'><strong>et</strong></span> <span class='ocrx_word' id='word_1_388' title='bbox 682 3352 829 3402; x_wconf 89' lang='lat' dir='ltr'><strong>minutatim</strong></span> <span class='ocrx_word' id='word_1_389' title='bbox 841 3353 997 3402; x_wconf 88' lang='lat' dir='ltr'><strong>concidere:</strong></span> <span class='ocrx_word' id='word_1_390' title='bbox 1013 3352 1137 3415; x_wconf 80' lang='lat' dir='ltr'><strong>porricere</strong></span> <span class='ocrx_word' id='word_1_391' title='bbox 1148 3366 1216 3414; x_wconf 78' lang='lat' dir='ltr'><strong>reto,</strong></span> 
     </span>
     <span class='ocr_line' id='line_1_41' title="bbox 114 3428 1218 3495; baseline 0.002 -17"><span class='ocrx_word' id='word_1_392' title='bbox 114 3431 195 3478; x_wconf 88' lang='lat' dir='ltr'><strong>donec</strong></span> <span class='ocrx_word' id='word_1_393' title='bbox 208 3430 417 3493; x_wconf 83' lang='lat' dir='ltr'><strong>condemnemur,</strong></span> <span class='ocrx_word' id='word_1_394' title='bbox 434 3430 521 3493; x_wconf 86' lang='lat' dir='ltr'><strong>idest,</strong></span> <span class='ocrx_word' id='word_1_395' title='bbox 539 3431 645 3495; x_wconf 88' lang='lat' dir='ltr'><strong>proruis·</strong></span> <span class='ocrx_word' id='word_1_396' title='bbox 683 3436 711 3476; x_wconf 93' lang='lat' dir='ltr'><strong>ut</strong></span> <span class='ocrx_word' id='word_1_397' title='bbox 730 3430 813 3477; x_wconf 88' lang='lat' dir='ltr'><strong>Varro</strong></span> <span class='ocrx_word' id='word_1_398' title='bbox 831 3430 873 3478; x_wconf 91' lang='lat' dir='ltr'><strong>De</strong></span> <span class='ocrx_word' id='word_1_399' title='bbox 892 3445 921 3479; x_wconf 87' lang='lat' dir='ltr'><strong>re</strong></span> <span class='ocrx_word' id='word_1_400' title='bbox 942 3428 1032 3478; x_wconf 88' lang='lat' dir='ltr'><strong>rustic.</strong></span> <span class='ocrx_word' id='word_1_401' title='bbox 1050 3443 1070 3478; x_wconf 89' lang='lat'><strong>1.</strong></span> <span class='ocrx_word' id='word_1_402' title='bbox 1082 3434 1126 3480; x_wconf 76' lang='lat'><strong>29.</strong></span> <span class='ocrx_word' id='word_1_403' title='bbox 1142 3430 1218 3480; x_wconf 79' lang='lat' dir='ltr'><strong>iuter·</strong></span> 
     </span>
     <span class='ocr_line' id='line_1_42' title="bbox 113 3505 1217 3569; baseline 0.002 -15"><span class='ocrx_word' id='word_1_404' title='bbox 113 3506 322 3555; x_wconf 68' lang='lat' dir='ltr'><strong>summissurus!</strong></span> <span class='ocrx_word' id='word_1_405' title='bbox 355 3507 443 3556; x_wconf 76' lang='lat' dir='ltr'><strong>livius</strong></span> <span class='ocrx_word' id='word_1_406' title='bbox 461 3507 646 3556; x_wconf 83' lang='lat' dir='ltr'><strong>l.vrr.‘1uter</strong></span> <span class='ocrx_word' id='word_1_407' title='bbox 683 3512 813 3569; x_wconf 83' lang='lat' dir='ltr'><strong>pretatur,</strong></span> <span class='ocrx_word' id='word_1_408' title='bbox 828 3509 886 3553; x_wconf 78' lang='lat' dir='ltr'><strong>osta</strong></span> <span class='ocrx_word' id='word_1_409' title='bbox 896 3506 955 3555; x_wconf 82' lang='lat' dir='ltr'><strong>Diis</strong></span> <span class='ocrx_word' id='word_1_410' title='bbox 964 3507 1030 3554; x_wconf 78' lang='lat' dir='ltr'><strong>dote.</strong></span> <span class='ocrx_word' id='word_1_411' title='bbox 1064 3505 1217 3557; x_wconf 63' lang='lat' dir='ltr'><strong>lisam</strong></span> 
     </span>
     <span class='ocr_line' id='line_1_43' title="bbox 114 3580 1215 3648; baseline 0.004 -21"><span class='ocrx_word' id='word_1_412' title='bbox 114 3581 197 3642; x_wconf 82' lang='lat' dir='ltr'><strong>ipsam</strong></span> <span class='ocrx_word' id='word_1_413' title='bbox 206 3580 397 3631; x_wconf 83' lang='lat' dir='ltr'><strong>dimicationem</strong></span> <span class='ocrx_word' id='word_1_414' title='bbox 417 3584 645 3648; x_wconf 56' lang='lat' dir='ltr'><strong>assumemus</strong></span> <span class='ocrx_word' id='word_1_415' title='bbox 683 3586 740 3630; x_wconf 78' lang='lat' dir='ltr'><strong>estu</strong></span> <span class='ocrx_word' id='word_1_416' title='bbox 752 3581 812 3630; x_wconf 85' lang='lat' dir='ltr'><strong>Diis</strong></span> <span class='ocrx_word' id='word_1_417' title='bbox 821 3581 920 3644; x_wconf 69' lang='lat' dir='ltr'><strong>porrici,</strong></span> <span class='ocrx_word' id='word_1_418' title='bbox 936 3582 962 3630; x_wconf 90' lang='lat' dir='ltr'><strong>in</strong></span> <span class='ocrx_word' id='word_1_419' title='bbox 974 3581 1073 3646; x_wconf 65' lang='lat' dir='ltr'><strong>utaris,</strong></span> <span class='ocrx_word' id='word_1_420' title='bbox 1085 3597 1165 3645; x_wconf 74' lang='lat' dir='ltr'><strong>usus,</strong></span> <span class='ocrx_word' id='word_1_421' title='bbox 1178 3581 1215 3631; x_wconf 76' lang='lat' dir='ltr'><strong>{s-</strong></span> 
     </span>
     <span class='ocr_line' id='line_1_44' title="bbox 112 3654 1214 3721; baseline 0.003 -16"><span class='ocrx_word' id='word_1_422' title='bbox 112 3654 209 3705; x_wconf 83' lang='lat' dir='ltr'><strong>Juuoui</strong></span> <span class='ocrx_word' id='word_1_423' title='bbox 225 3656 340 3704; x_wconf 83' lang='lat' dir='ltr'><strong>Monetae</strong></span> <span class='ocrx_word' id='word_1_424' title='bbox 360 3657 439 3719; x_wconf 80' lang='lat' dir='ltr'><strong>vovit,</strong></span> <span class='ocrx_word' id='word_1_425' title='bbox 459 3660 532 3721; x_wconf 91' lang='lat' dir='ltr'><strong>cujus</strong></span> <span class='ocrx_word' id='word_1_426' title='bbox 553 3658 646 3709; x_wconf 73' lang='lat' dir='ltr'><strong>nutt-</strong></span> <span class='ocrx_word' id='word_1_427' title='bbox 683 3672 785 3720; x_wconf 85' lang='lat' dir='ltr'><strong>eumve‚</strong></span> <span class='ocrx_word' id='word_1_428' title='bbox 805 3672 868 3706; x_wconf 88' lang='lat' dir='ltr'><strong>euve</strong></span> <span class='ocrx_word' id='word_1_429' title='bbox 888 3672 940 3720; x_wconf 86' lang='lat' dir='ltr'><strong>quo</strong></span> <span class='ocrx_word' id='word_1_430' title='bbox 959 3664 1021 3706; x_wconf 85' lang='lat' dir='ltr'><strong>exta</strong></span> <span class='ocrx_word' id='word_1_431' title='bbox 1044 3658 1120 3708; x_wconf 84' lang='lat' dir='ltr'><strong>reddi</strong></span> <span class='ocrx_word' id='word_1_432' title='bbox 1137 3657 1214 3708; x_wconf 83' lang='lat' dir='ltr'><strong>debe·</strong></span> 
     </span>
     <span class='ocr_line' id='line_1_45' title="bbox 114 3731 1215 3797; baseline 0.004 -16"><span class='ocrx_word' id='word_1_433' title='bbox 114 3731 230 3781; x_wconf 76' lang='lat' dir='ltr'>NATUS</span> <span class='ocrx_word' id='word_1_434' title='bbox 242 3732 305 3793; x_wconf 84' lang='lat' dir='ltr'><strong>voti,</strong></span> <span class='ocrx_word' id='word_1_435' title='bbox 321 3747 379 3781; x_wconf 91' lang='lat' dir='ltr'><strong>cum</strong></span> <span class='ocrx_word' id='word_1_436' title='bbox 391 3735 484 3782; x_wconf 89' lang='lat' dir='ltr'><strong>Victor</strong></span> <span class='ocrx_word' id='word_1_437' title='bbox 495 3735 597 3785; x_wconf 92' lang='lat' dir='ltr'><strong>domum</strong></span> <span class='ocrx_word' id='word_1_438' title='bbox 609 3752 646 3787; x_wconf 88' lang='lat' dir='ltr'><strong>re·</strong></span> <span class='ocrx_word' id='word_1_439' title='bbox 684 3734 755 3796; x_wconf 82' lang='lat' dir='ltr'><strong>bant,</strong></span> <span class='ocrx_word' id='word_1_440' title='bbox 766 3731 862 3793; x_wconf 80' lang='lat' dir='ltr'><strong>offerri,</strong></span> <span class='ocrx_word' id='word_1_441' title='bbox 873 3733 979 3797; x_wconf 85' lang='lat' dir='ltr'><strong>imponi,</strong></span> <span class='ocrx_word' id='word_1_442' title='bbox 990 3733 1046 3796; x_wconf 84' lang='lat' dir='ltr'><strong>ipsc</strong></span> <span class='ocrx_word' id='word_1_443' title='bbox 1057 3734 1139 3784; x_wconf 83' lang='lat' dir='ltr'><strong>etiam</strong></span> <span class='ocrx_word' id='word_1_444' title='bbox 1148 3735 1215 3784; x_wconf 68' lang='lat' dir='ltr'><strong>uns</strong></span> 
     </span>
     <span class='ocr_line' id='line_1_46' title="bbox 112 3807 1216 3875; baseline 0.006 -20"><span class='ocrx_word' id='word_1_445' title='bbox 112 3807 242 3868; x_wconf 83' lang='lat' dir='ltr'><strong>vertisset,</strong></span> <span class='ocrx_word' id='word_1_446' title='bbox 254 3807 430 3857; x_wconf 87' lang='lat' dir='ltr'><strong>Dictaturssc</strong></span> <span class='ocrx_word' id='word_1_447' title='bbox 441 3809 588 3861; x_wconf 67' lang='lat' dir='ltr'><strong>abdicavit!</strong></span> <span class='ocrx_word' id='word_1_448' title='bbox 611 3813 646 3862; x_wconf 84' lang='lat' dir='ltr'><strong>Et</strong></span> <span class='ocrx_word' id='word_1_449' title='bbox 683 3811 768 3860; x_wconf 87' lang='lat' dir='ltr'><strong>sonius</strong></span> <span class='ocrx_word' id='word_1_450' title='bbox 786 3819 925 3870; x_wconf 82' lang='lat' dir='ltr'><strong>asseverat,</strong></span> <span class='ocrx_word' id='word_1_451' title='bbox 944 3825 1002 3860; x_wconf 90' lang='lat' dir='ltr'><strong>curn</strong></span> <span class='ocrx_word' id='word_1_452' title='bbox 1023 3818 1216 3875; x_wconf 82' lang='lat' dir='ltr'><strong>pmseetssssa</strong></span> 
     </span>
     <span class='ocr_line' id='line_1_47' title="bbox 112 3884 1216 3952; baseline 0.002 -19"><span class='ocrx_word' id='word_1_453' title='bbox 112 3884 130 3932; x_wconf 91' lang='grc' dir='ltr'><strong>Ι.</strong></span> <span class='ocrx_word' id='word_1_454' title='bbox 143 3897 171 3933; x_wconf 84' lang='lat' dir='ltr'><strong>x.</strong></span> <span class='ocrx_word' id='word_1_455' title='bbox 191 3885 248 3934; x_wconf 78' lang='lat' dir='ltr'><strong>‘Ut</strong></span> <span class='ocrx_word' id='word_1_456' title='bbox 267 3884 350 3933; x_wconf 82' lang='lat' dir='ltr'><strong>eedem</strong></span> <span class='ocrx_word' id='word_1_457' title='bbox 370 3885 447 3934; x_wconf 87' lang='lat' dir='ltr'><strong>etiam</strong></span> <span class='ocrx_word' id='word_1_458' title='bbox 466 3885 520 3935; x_wconf 86' lang='lat' dir='ltr'><strong>fieri</strong></span> <span class='ocrx_word' id='word_1_459' title='bbox 542 3897 645 3938; x_wconf 88' lang='lat' dir='ltr'><strong>senatus</strong></span> <span class='ocrx_word' id='word_1_460' title='bbox 683 3889 733 3937; x_wconf 84' lang='lat' dir='ltr'><strong>eris</strong></span> <span class='ocrx_word' id='word_1_461' title='bbox 745 3888 841 3952; x_wconf 91' lang='lat' dir='ltr'><strong>imponi</strong></span> <span class='ocrx_word' id='word_1_462' title='bbox 853 3889 930 3936; x_wconf 84' lang='lat' dir='ltr'><strong>solita</strong></span> <span class='ocrx_word' id='word_1_463' title='bbox 939 3886 1032 3936; x_wconf 89' lang='lat' dir='ltr'><strong>doceat</strong></span> <span class='ocrx_word' id='word_1_464' title='bbox 1042 3887 1155 3937; x_wconf 82' lang='lat' dir='ltr'><strong>Ovidius</strong></span> <span class='ocrx_word' id='word_1_465' title='bbox 1163 3888 1216 3939; x_wconf 70' lang='lat' dir='ltr'><strong>Hs·</strong></span> 
     </span>
     <span class='ocr_line' id='line_1_48' title="bbox 109 3960 1215 4029; baseline 0.004 -20"><span class='ocrx_word' id='word_1_466' title='bbox 109 3960 224 4024; x_wconf 86' lang='lat' dir='ltr'><strong>juberet,</strong></span> <span class='ocrx_word' id='word_1_467' title='bbox 246 3962 285 4010; x_wconf 89' lang='lat' dir='ltr'><strong>bis</strong></span> <span class='ocrx_word' id='word_1_468' title='bbox 306 3961 420 4026; x_wconf 80' lang='lat' dir='ltr'><strong>ejsudem</strong></span> <span class='ocrx_word' id='word_1_469' title='bbox 440 3963 531 4023; x_wconf 75' lang='lat' dir='ltr'><strong>vo&#39;rt</strong></span> <span class='ocrx_word' id='word_1_470' title='bbox 551 3964 645 4015; x_wconf 79' lang='grc' dir='ltr'><strong>ΒΑΜ·</strong></span> <span class='ocrx_word' id='word_1_471' title='bbox 683 3973 744 4014; x_wconf 83' lang='lat' dir='ltr'><strong>tarn.</strong></span> <span class='ocrx_word' id='word_1_472' title='bbox 757 3966 774 4013; x_wconf 93' lang='grc'><strong>1.</strong></span> <span class='ocrx_word' id='word_1_473' title='bbox 788 3978 840 4013; x_wconf 86' lang='lat' dir='ltr'><strong>xrr.</strong></span> <span class='ocrx_word' id='word_1_474' title='bbox 859 3964 958 4027; x_wconf 77' lang='lat' dir='ltr'><strong>‘Cujus</strong></span> <span class='ocrx_word' id='word_1_475' title='bbox 978 3971 1009 4012; x_wconf 92' lang='lat' dir='ltr'><strong>ut</strong></span> <span class='ocrx_word' id='word_1_476' title='bbox 1025 3963 1150 4027; x_wconf 76' lang='lat' dir='ltr'><strong>imposuit</strong></span> <span class='ocrx_word' id='word_1_477' title='bbox 1159 3976 1215 4029; x_wconf 87' lang='lat' dir='ltr'><strong>pro·</strong></span> 
     </span>
     <span class='ocr_line' id='line_1_49' title="bbox 114 4035 1213 4104; baseline 0.003 -19"><span class='ocrx_word' id='word_1_478' title='bbox 114 4035 210 4086; x_wconf 81' lang='lat' dir='ltr'><strong>NATA</strong></span> <span class='ocrx_word' id='word_1_479' title='bbox 226 4037 328 4102; x_wconf 87' lang='lat' dir='ltr'><strong>Repub.</strong></span> <span class='ocrx_word' id='word_1_480' title='bbox 347 4039 372 4088; x_wconf 93' lang='lat' dir='ltr'><strong>in</strong></span> <span class='ocrx_word' id='word_1_481' title='bbox 392 4040 540 4104; x_wconf 76' lang='lat' dir='ltr'><strong>religionem</strong></span> <span class='ocrx_word' id='word_1_482' title='bbox 557 4042 645 4090; x_wconf 70' lang='lat' dir='ltr'><strong>venit!</strong></span> <span class='ocrx_word' id='word_1_483' title='bbox 681 4050 754 4092; x_wconf 83' lang='lat' dir='ltr'><strong>secta</strong></span> <span class='ocrx_word' id='word_1_484' title='bbox 765 4040 909 4092; x_wconf 79' lang='lat' dir='ltr'><strong>calentibus</strong></span> <span class='ocrx_word' id='word_1_485' title='bbox 922 4041 990 4090; x_wconf 65' lang='lat' dir='ltr'><strong>aris!</strong></span> <span class='ocrx_word' id='word_1_486' title='bbox 1023 4041 1099 4090; x_wconf 86' lang='lat' dir='ltr'><strong>Idem</strong></span> <span class='ocrx_word' id='word_1_487' title='bbox 1117 4043 1213 4092; x_wconf 67' lang='lat' dir='ltr'><strong>Facu.</strong></span> 
     </span>
    </p>

    <p class='ocr_par' dir='ltr' id='par_1_4' title="bbox 24 4112 1215 4262">
     <span class='ocr_line' id='line_1_50' title="bbox 24 4112 1215 4171; baseline 0.006 -7"><span class='ocrx_word' id='word_1_488' title='bbox 24 4159 26 4164; x_wconf 73' lang='grc'><strong>,</strong></span> <span class='ocrx_word' id='word_1_489' title='bbox 112 4112 147 4159; x_wconf 89' lang='lat' dir='ltr'><strong>Et</strong></span> <span class='ocrx_word' id='word_1_490' title='bbox 170 4113 301 4164; x_wconf 83' lang='lat' dir='ltr'><strong>i.-xxvrr.</strong></span> <span class='ocrx_word' id='word_1_491' title='bbox 328 4115 644 4168; x_wconf 79' lang='lat' dir='ltr'>‘DAMNARENTUR-</span> <span class='ocrx_word' id='word_1_492' title='bbox 680 4119 747 4169; x_wconf 88' lang='lat' dir='ltr'><strong>l.rv.</strong></span> <span class='ocrx_word' id='word_1_493' title='bbox 767 4118 1163 4170; x_wconf 84' lang='lat' dir='ltr'><strong>‘Astubirisccribusritulos</strong></span> <span class='ocrx_word' id='word_1_494' title='bbox 1177 4130 1215 4171; x_wconf 65' lang='lat' dir='ltr'><strong>tte</strong></span> 
     </span>
     <span class='ocr_line' id='line_1_51' title="bbox 113 4186 1212 4262; baseline 0.012 -23"><span class='ocrx_word' id='word_1_495' title='bbox 113 4186 186 4239; x_wconf 78' lang='lat' dir='ltr'><strong>QUE</strong></span> <span class='ocrx_word' id='word_1_496' title='bbox 213 4189 402 4259; x_wconf 67' lang='lat' dir='ltr'><strong>votorum,</strong></span> <span class='ocrx_word' id='word_1_497' title='bbox 426 4206 484 4257; x_wconf 79' lang='lat' dir='ltr'><strong>quas</strong></span> <span class='ocrx_word' id='word_1_498' title='bbox 506 4206 555 4256; x_wconf 85' lang='lat' dir='ltr'><strong>pro</strong></span> <span class='ocrx_word' id='word_1_499' title='bbox 581 4192 643 4257; x_wconf 87' lang='lat' dir='ltr'><strong>ipsis</strong></span> <span class='ocrx_word' id='word_1_500' title='bbox 679 4209 761 4261; x_wconf 84' lang='lat' dir='ltr'><strong>puore</strong></span> <span class='ocrx_word' id='word_1_501' title='bbox 770 4195 888 4258; x_wconf 85' lang='lat' dir='ltr'><strong>ministri,</strong></span> <span class='ocrx_word' id='word_1_502' title='bbox 898 4196 1028 4262; x_wconf 79' lang='lat' dir='ltr'><strong>tectaque</strong></span> <span class='ocrx_word' id='word_1_503' title='bbox 1039 4194 1148 4249; x_wconf 55' lang='lat' dir='ltr'><strong>samos&amp;</strong></span> <span class='ocrx_word' id='word_1_504' title='bbox 1156 4201 1212 4251; x_wconf 67' lang='lat'><strong>0¹1⁸</strong></span> 
     </span>
    </p>
   </div>
   <div class='ocr_carea' id='block_1_3' title="bbox 0 0 1344 4694">
    <p class='ocr_par' dir='ltr' id='par_1_5' title="bbox 0 0 1344 4694">
     <span class='ocr_line' id='line_1_52' title="bbox 0 0 1344 4694; baseline 0 0"><span class='ocrx_word' id='word_1_505' title='bbox 0 0 1344 4694; x_wconf 95' lang='lat' dir='ltr'><strong> </strong></span> 
     </span>
    </p>
   </div>
  </div>
 </body>
</html>
