2678 4694
403 355 547 405 vrnotn.
592 356 839 407 munimem.
1088 341 1176 408 3325

25 504 29 509 '
68 498 121 547 boc
136 497 211 559 loom·
219 501 248 546 et
264 495 292 547 in
306 494 363 545 aliis
381 495 522 557 codicibus,
531 496 606 560 inps·
644 496 843 549 statoris-rosis
859 504 921 549 vota
936 499 1054 559 Romulo,
1070 499 1176 551 Nurum·

67 572 201 636 parium,
215 576 243 619 et
253 568 398 632 smmis,
416 585 473 634 ques
493 584 607 618 nonnun-
645 585 695 635 que
715 574 794 636 regia,
813 583 841 623 et
857 574 993 624 delubrum
1008 575 1176 639 Veste,cnm

69 662 150 713 quarn
166 661 191 695 ss
206 646 336 707 geminato
348 645 427 694 scribi
442 652 606 706 consuerunt,
646 647 788 696 Penatibus
805 648 894 711 popuii
915 649 987 698 Rom.
1004 650 1111 699 exsistas!
1143 650 1176 698 ln

68 721 377 774 emmsecrecliderim.
411 722 562 784 Quanquam
580 721 605 769 in
645 727 928 785 quamsenlentiamet
943 726 1077 774 Plutarch.
1094 725 1120 774 ir
1134 726 1176 787 ῥν·

60 795 401 857 fmuscircnmflexnm
408 804 553 857 accentum,
561 802 606 845 aut
643 802 709 855 pois.
722 797 746 844 in
759 814 817 861 cap.
827 799 889 847 bisol
898 802 933 860 τῷ
943 800 1044 863 ilpunc?
1054 800 1177 862 γινομένην

66 873 116 931 sip
130 870 225 937 pinpo
241 874 321 923 eliam
339 873 398 921 buic
418 873 499 920 errori
519 886 606 919 ausam
645 871 733 932 θυσίαν,
744 877 793 922 icc.
813 874 843 923 bs
859 873 886 924 oi
901 885 974 937 φασιν
992 877 1055 937 tomo,
1067 878 1176 938 nopes

68 949 176 1001 dedisse
186 951 259 1000 credi
270 951 362 1014 possit,
372 956 402 997 ut
418 947 480 997 alibi
492 947 607 1009 disputa-
643 948 687 995 roi
697 948 821 1012 ἀνθρόπνν
829 949 897 1000 loros
908 950 944 1000 iro
953 952 1032 1013 βωμὸν
1042 942 1177 1017 lipioortns
1238 948 1243 961 '

68 1032 190 1075 mmest.
224 1026 331 1074 Pt'erht.
643 1020 686 1070 τὸν
697 1025 812 1086 Εὔανδρον
823 1025 1046 1086 &undivomo
1057 1045 1177 1093 προσαγω-

102 1098 285 1161 Ammonis]
303 1099 325 1147 ll
343 1099 450 1147 loncret.
468 1098 541 1146 l.r1.
560 1096 608 1145 ‘et
644 1099 704 1157 γεῖν.
740 1101 880 1151 Germanas.

69 1189 187 1225 amorem
198 1174 306 1223 obturet
316 1172 427 1222 edendi:
444 1172 562 1235 Uterque
573 1170 607 1219 ab
680 1175 752 1233 Tanti
763 1178 879 1240 nominis]
893 1178 958 1228 Hac
968 1180 1062 1241 αὔξησιν
1070 1180 1177 1244 respicit

67 1250 152 1301 Hom.
162 1248 208 1314 qui
221 1247 386 1311 itmiosipoo.
422 1248 509 1297 Cerdo.
646 1250 766 1302 Herculis
776 1251 970 1306 fortitudinemr
983 1260 1039 1308 baec
1049 1261 1116 1309 enim
1127 1262 1178 1311 vir·

104 1329 154 1375 ltili
171 1326 227 1375 Rex
240 1326 379 1388 Euandrus]
396 1322 450 1373 llut
461 1336 512 1370 non
523 1337 608 1371 serra·
647 1332 687 1374 tus
704 1327 730 1374 in
746 1329 790 1377 illo
807 1344 862 1392 proc
878 1331 1101 1394 aliisspectands3
1118 1336 1177 1386 ideo

68 1399 521 1459 vltnominisdeclinationem3nam
529 1399 608 1445 Esca·
645 1402 766 1452 ‘tantum
786 1409 898 1452 numen)
931 1405 996 1456 inde
1018 1416 1109 1469 postes
1128 1425 1177 1460 ser·
1244 1454 1247 1459 .

68 1480 117 1528 tier
135 1476 211 1538 tacit,
229 1477 298 1526 sicut
319 1476 375 1539 ipse
397 1474 475 1523 alibi:
502 1473 607 1522 ‘Palles
645 1478 790 1539 coti‚ut‹le
806 1480 910 1529 militari
928 1482 993 1530 Deo.
1027 1485 1091 1535 Quis
1108 1486 1177 1534 enim

69 1552 196 1602 Emder
213 1551 239 1600 5¹¹
258 1550 343 1615 ipsias
360 1550 513 1600 ssffliffl
529 1547 608 1598 decli·
644 1557 745 1620 ignorat
763 1558 882 1607 ‘servari
902 1558 927 1606 in
948 1558 1033 1621 bello:
1053 1560 1113 1623 quid
1129 1561 1177 1611 sit?

67 1630 312 1694 noviginto-ipos.
345 1628 450 1678 Seruius.
644 1640 675 1681 ut
692 1640 720 1683 et
737 1634 840 1683 crocis
859 1634 1007 1697 impenso.
1040 1637 1177 1699 Egovero,

103 1706 162 1755 Rex
180 1707 294 1755 Emnder
309 1704 357 1766 cit]
374 1705 454 1753 Pauci
469 1703 606 1752 admodum
644 1710 665 1757 si
671 1710 795 1773 juvarent
806 1710 918 1772 codices,
928 1713 1038 1761 libenter
1055 1712 1178 1776 legerem

67 1783 177 1834 codices
191 1790 261 1841 sunt,
270 1783 296 1831 in
313 1783 406 1847 quibus
419 1782 529 1831 neuter
539 1782 607 1843 legs·
645 1787 728 1835 ‘hanc
741 1788 806 1837 tanti
818 1787 925 1836 nominis
937 1787 1024 1836 aram!
1043 1787 1175 1839 Quiabaec

65 1866 125 1919 tar,
143 1857 191 1908 scd
207 1858 234 1906 in
251 1857 454 1921 quamplurimis,
474 1857 608 1915 Etenim,
645 1876 690 1910 ara
701 1862 772 1912 dicta
786 1863 895 1911 Monimo
907 1871 934 1912 et
952 1863 1011 1913 ideo
1029 1868 1122 1913 tantem
1137 1879 1177 1913 so·

67 1933 488 2000 naqnosuperiussstisdicmm.
513 1931 607 1982 Quam·
644 1951 704 1985 men.
739 1938 833 1986 Cerdo

66 2010 111 2061 vis
128 2010 234 2061 Servius
251 2011 277 2059 in
296 2011 393 2072 Georg.
410 2008 481 2058 dicat
496 2008 607 2069 nomina,
677 2015 723 2059 187
745 2012 811 2061 Vasa
819 2014 968 2077 superstitio]
981 2014 1125 2078 &perstitio
1135 2024 1176 2066 est

69 2102 133 2154 qnae
152 2088 223 2153 apud
239 2089 346 2138 Graecos
360 2087 387 2135 in
401 2101 468 2154 gros,
478 2091 535 2147 tros,
543 2099 607 2148 pros,
645 2087 722 2137 timor
737 2086 881 2150 superfluus
896 2095 924 2136 ct
940 2090 1045 2140 deliriu.
1079 2091 1132 2141 sot
1143 2091 1176 2139 ab

68 2165 207 2225 ermerus,
217 2171 323 2221 exeunt,
333 2162 402 2225 apud
418 2177 465 2210 nos
482 2162 508 2210 in
519 2177 545 2209 er
556 2173 608 2211 ter·
645 2162 752 2211 aniculis
764 2162 835 2211 cteta
850 2165 996 2226 supercilio,
1013 2165 1073 2226 qnia
1089 2165 1177 2214 molta

69 2239 213 2300 minatici
222 2236 343 2288 mundes
354 2249 412 2285 esse
421 2237 607 2288 declinationis.
645 2238 798 2299 superstites
817 2253 866 2303 per
887 2245 992 2288 etatem
1013 2238 1134 2301 delirant,
1150 2246 1179 2289 et

46 2326 55 2339 “·
69 2316 117 2367 Ex
136 2314 230 2379 quibus
251 2314 302 2362 duo
324 2316 425 2360 tantum
447 2308 550 2357 nomina
565 2308 608 2357 de·
646 2311 732 2359 stultos
754 2322 828 2370 strnt5
852 2323 899 2361 aot
920 2316 1058 2362 secundum
1082 2316 1177 2363 Lucre-

69 2391 483 2456 sigmmrssodusetoooem.
512 2384 608 2433 Verum
647 2384 719 2446 tium,
736 2386 881 2448 Superstitio
897 2392 931 2436 est
948 2389 1177 2450 sapnaemtismro·

69 2467 131 2516 lroee
143 2467 223 2515 latius
239 2480 270 2514 ex
282 2463 382 2513 Carisio
400 2461 564 2511 recitavimus
580 2458 609 2508 li·
645 2476 708 2522 nm,
725 2462 751 2510 id
769 2470 818 2523 est,
829 2463 971 2511 coelestium
983 2472 1011 2513 et
1023 2464 1177 2527 divinarum,

70 2541 123 2591 bro
135 2541 224 2591 tertio.
257 2539 362 2588 Pierius.
647 2535 801 2599 iussaque
814 2545 1039 2600 supernosstaut,
1052 2539 1135 2589 inanis
1149 2548 1184 2599 et,

107 2615 300 2664 &sumnus
309 2613 358 2675 sit]
376 2612 470 2661 Maluit
484 2610 609 2659 bicGrae·
646 2610 790 2676 superfluus
802 2613 887 2663 timor.
920 2614 1027 2664 Semina.

73 2705 136 2741 cnm
146 2691 261 2752 Εὔανδρος
271 2704 347 2753 quam
356 2689 475 2738 Latinum
488 2688 608 2735 Esosdor.
682 2691 746 2738 Voss
766 2692 902 2753 mperstitio
921 2696 1069 2756 annuosque
1091 2693 1178 2755 ignoro

72 2767 112 2819 Et
122 2766 169 2827 sit,
177 2764 278 2814 scilicet
288 2770 348 2828 post
356 2763 459 2826 epulas:
472 2776 531 2810 nam
539 2762 610 2810 nulla
645 2767 752 2830 denum]
767 2767 799 2815 ln
821 2767 935 2815 Romano
956 2768 1055 2828 codice,
1076 2775 1104 2816 et
1122 2769 1178 2832 qui-

72 2841 193 2891 usrrstlo
211 2841 331 2904 jucunda
358 2844 482 2902 crepante
507 2845 608 2888 ventre.
647 2841 753 2891 busdam
771 2842 826 2891 aliis
838 2843 958 2907 antiquis,
968 2845 1054 2906 legere
1065 2850 1106 2893 est
1115 2849 1178 2893 cete·

72 2917 119 2968 Its
139 2917 219 2967 lium.
238 2917 334 2979 odyss.
352 2923 490 2978 vr11.post
509 2929 608 2962 versum
645 2932 758 2981 mosque:
774 2926 801 2966 et
819 2918 856 2967 ita
872 2918 997 2981 scriptum
1014 2925 1055 2966 est
1072 2918 1099 2966 iu
1114 2918 1178 2968 hc·

72 2992 305 3056 illumiminaret
320 2990 468 3049 stotonae.
485 2989 610 3053 sequitur,
647 2993 722 3043 tantii
743 2993 865 3041 Firmiani
883 2993 1025 3054 codicibus,
1045 2992 1090 3042 ubi
1111 2994 1177 3043 libro
1250 3052 1252 3057 ,

74 3070 154 3119 W
164 3069 202 3134 llp'
212 3069 290 3119 briis
305 3069 389 3126 ἀνῆκεν
408 3064 535 3126 ultimos
550 3064 610 3114 ants
647 3083 686 3118 ιν.
704 3069 788 3118 locsun
804 3069 871 3117 hunc
889 3070 996 3133 exponit
1011 3070 1036 3117 in
1047 3070 1114 3119 bunc
1126 3086 1178 3120 mo·

73 3144 178 3210 irips'n:
194 3145 429 3206 Maniubetcoaere
440 3143 495 3192 ltine
506 3142 610 3191 illustris
647 3143 721 3193 dum:
739 3144 810 3195 ‘Qui
830 3144 908 3193 novos
924 3144 973 3193 sibi
990 3145 1053 3192 ritus
1069 3158 1178 3195 maume-

67 3221 266 3282 ssctstirorssr.
299 3221 393 3272 Cerdo.
647 3220 719 3282 bant,
730 3227 759 3269 ut
768 3221 883 3269 Deorum
898 3220 954 3269 vice
970 3226 1082 3268 mortuos
1099 3220 1177 3270 bono·

110 3301 169 3351 Nos
189 3299 238 3348 icc
258 3296 381 3359 miemsio]
401 3294 493 3344 Veniat
515 3293 540 3341 in
560 3307 610 3342 uno
647 3303 742 3354 rorent,
754 3309 817 3359 quos
834 3310 867 3344 ex
884 3295 1025 3344 bominibus
1042 3295 1068 3342 in
1084 3296 1177 3345 coelnm

77 3375 241 3439 pronomine.
259 3375 341 3423 ‘Non
361 3373 417 3425 baec
434 3369 549 3418 solennia
567 3383 611 3417 no·
648 3377 768 3433 receptos
781 3370 916 3434 putabant,
927 3370 971 3418 bos
988 3370 1179 3432 superstitiosos

75 3452 126 3514 bis,
145 3451 201 3501 lios
217 3465 252 3500 ex
272 3463 343 3499 more
361 3448 452 3511 dapes,
465 3448 531 3495 banc
543 3446 610 3495 tanti
647 3446 784 3496 vocabant.
819 3446 1004 3509 Eosvero‚qni
1020 3445 1136 3508 publicos
1150 3453 1180 3496 st

74 3525 190 3575 numinis
200 3525 290 3574 aram!
322 3524 428 3573 Semina
649 3523 767 3587 antiquos
788 3523 860 3571 Deos
889 3520 1012 3580 colerent,
1038 3522 1179 3585 Religiosos

111 3605 161 3650 ruo
178 3601 232 3649 Hm
246 3599 329 3663 iopes]
345 3600 417 3647 Dum
433 3596 557 3659 originem
573 3609 611 3644 sa·
649 3597 823 3648 nominabant
852 3597 928 3647 Unde
938 3597 1068 3660 Virgilius,
1086 3597 1181 3646 ‘Vana

76 3689 181 3727 crorum
191 3682 289 3737 narmi,
301 3674 390 3739 epulas
407 3673 485 3723 ctiam
496 3677 610 3721 excusat.
648 3674 795 3737 superstitio
817 3682 986 3737 veterumque
1004 3674 1090 3736 ignara
1110 3673 1179 3723 Deo·

75 3752 200 3801 Dm.
650 3748 722 3799 rum!
754 3747 869 3811 Aliileg.
880 3756 1020 3798 veternosos.
1055 3748 1163 3798 Pierius.

109 3825 184 3876 Horae
192 3828 256 3876 tenti
264 3824 454 3887 momorum]
463 3824 547 3886 Hujus
558 3837 610 3871 arte
685 3825 856 3886 veterumque·
847 3840 932 3885 maura
942 3822 1049 3884 oleorum]
1068 3825 1127 3873 Duo
1142 3824 1179 3873 di-

75 3916 179 3967 magnoe
188 3900 535 3951 meminithisverbis‘lacit.
541 3898 610 3947 Anu.
650 3901 696 3963 cit,
708 3900 766 3949 Nou
786 3899 845 3948 ideo
861 3901 1001 3949 Herculem
1018 3901 1123 3949 colimus
1135 3908 1181 3951 aut

74 3979 96 4029 i.
117 3991 167 4028 xc.
188 3977 260 4026 ‘Sed
283 3978 455 4027 vetustissima
481 3976 612 4039 religione,
650 3991 710 4041 qum
720 3991 820 4025 omnem
838 3976 985 4038 religionem
1002 3990 1089 4024 veram
1105 3984 1180 4038 puts·

76 4054 150 4121 quoti
160 4053 264 4104 Servius
275 4053 371 4102 Tullius
383 4055 472 4113 Luna,
483 4059 511 4101 et
520 4066 613 4115 magns
650 4068 714 4114 mus,
724 4058 769 4100 aut
785 4052 845 4115 quia
862 4053 933 4100 Deos
953 4050 1098 4114 ignoramus
1115 4051 1180 4100 anti·

77 4129 492 4196 arqfanumquefflnaepraesenti
503 4129 613 4178 Herculi
650 4143 725 4194 quos:
746 4134 850 4176 cautum
867 4127 936 4176 enlm
953 4124 1047 4188 fuerat,
1065 4133 1094 4175 et
1110 4126 1180 4190 apud

76 4210 162 4261 am
178 4206 300 4259 Euander
315 4213 472 4271 sacraverat,
491 4205 612 4270 adeoque
649 4201 821 4254 Athenienses
842 4208 871 4252 et
894 4200 964 4266 apud
986 4200 1125 4266 Romanos,
1146 4215 1180 4252 ue
