2678 4694
119 246 133 275 .·
172 210 219 279 -i

113 246 199 403 27ξό
460 341 568 392 uoru
592 340 793 394 vsutonuu
814 345 859 394 ru

112 487 221 537 vitiosus
233 488 275 534 est
285 481 420 535 trsnsltus:
432 474 640 549 licetstultequi·
679 485 889 550 praepositionem
901 499 918 536 s
934 486 1109 550 conjunctivo,
1125 490 1207 555 scrip·

113 562 174 611 dnm
185 561 283 623 dicent,
292 561 360 610 bunc
370 561 450 612 tertio
461 574 510 610 non
518 574 573 611 csse
582 576 641 611 con·
679 561 751 612 tione
759 561 933 612 distinxerint.
948 561 1208 626 Indiffereuterrero,

109 638 241 701 junctum,
251 636 292 703 (iu
302 636 348 686 illo
364 636 432 686 enim
449 637 639 701 nsrigstionnm
680 651 730 687 uno
742 637 885 703 eodemque
896 637 1049 702 significetio
1061 639 1140 689 scribi
1153 641 1207 704 ple·

28 712 35 725 ‘
112 714 239 778 periculo,
252 712 277 762 in
288 714 336 764 boc
353 725 453 763 smores
469 713 641 778 exsequitur)
680 725 779 778 runque
791 714 923 778 Soslpster
944 715 1058 765 Corisius
1073 716 1210 766 manifeste

113 803 164 838 non
194 788 311 839 videntes
335 789 457 853 optimum
476 788 639 850 conjunctio·
680 787 804 849 declarat,
828 788 921 838 Licinii
945 790 1018 840 Celsi
1044 793 1163 855 exemplo
1181 792 1208 841 in

113 878 182 915 nem.
200 864 339 914 Comenim
347 864 454 914 tertium
462 864 499 913 sic
508 862 640 925 clauserit,
680 862 829 912 Fuscinium
839 864 950 913 ombitus
959 878 1039 927 reum,
1052 865 1102 914 ‘sd
1114 866 1152 916 its
1162 867 1209 915 mi·

112 939 262 1004 ‘Fsctoque
273 938 374 990 bietine
385 937 512 1003 quievitz’
530 937 637 989 Intulitt
680 936 706 985 bi
727 937 821 988 dorem
836 937 950 1003 deosque
966 939 1115 990 immortalis
1132 942 1210 991 velim

103 1016 170 1065 “At
189 1017 279 1079 regins
297 1015 370 1080 qrsri
384 1013 538 1078 jamdudum
553 1015 641 1065 ssucis
681 1013 979 1077 benefecisse,judices.'
995 1016 1209 1080 At,iuquit‚con-

114 1091 194 1141 curo!
228 1091 297 1140 Item
308 1091 384 1155 psulo
396 1095 464 1155 post,
482 1090 547 1139 ‘nec
562 1088 641 1152 plsci·
677 1087 849 1150 junctionem,
869 1090 901 1137 od
918 1103 981 1138 vero
997 1090 1210 1153 propositionem

115 1167 173 1215 dem
180 1166 301 1217 membris
309 1165 355 1217 dst
361 1181 425 1217 curs
432 1165 562 1229 quietem·
572 1164 641 1214 Nsm
681 1164 819 1214 scribunt:
833 1163 990 1227 εὐφωνότερον
1005 1171 1092 1214 temen
1111 1171 1164 1226 est,
1179 1166 1211 1213 od

114 1256 173 1292 curn
190 1242 297 1292 AEnesm
313 1242 442 1306 quievisse
456 1241 561 1302 dixerit,
578 1239 642 1288 sstis
680 1241 723 1290 bic
735 1244 809 1304 perd
828 1240 915 1303 scribi,
926 1255 958 1290 ne
974 1241 1130 1304 subsequens
1145 1245 1165 1302 t,
1180 1239 1212 1288 li·

115 1330 229 1380 congrue
246 1317 389 1381 subjunxit,
406 1324 436 1366 ut
451 1330 539 1366 somno
555 1328 643 1363 smnus
683 1322 764 1365 terum
790 1315 919 1365 duriorem
937 1315 1027 1379 suiquc
1044 1314 1154 1364 similem
1170 1329 1211 1363 so·

115 1398 227 1442 cureret.
251 1392 304 1441 Alii
315 1392 427 1442 subitum
443 1392 579 1441 transitum
588 1389 643 1440 isc·
665 1390 743 1440 'num
764 1390 848 1440 literne
869 1391 990 1454 smptexe
1009 1388 1108 1439 dictum
1129 1388 1212 1439 facist

115 1474 171 1517 tum
183 1468 300 1531 trudunt,
312 1469 372 1533 quis
384 1481 436 1517 non
454 1466 569 1517 ostendit
585 1480 645 1516 con·
684 1466 814 1516 immitius.
829 1466 937 1515 Pierius.

115 1543 211 1592 virium
223 1542 373 1593 dissolutum
384 1559 392 1605 ;
402 1542 446 1593 sed
454 1541 503 1591 boc
511 1541 641 1590 subtiliter
714 1542 751 1591 Ar
761 1538 1213 1605 registhperticulsconnectendi

115 1615 190 1675 fecit,
210 1619 269 1682 quis
288 1618 367 1667 etism
384 1617 434 1666 elis
450 1616 570 1666 convivis
584 1630 642 1666 esm
683 1615 835 1666 simbsbet.
867 1615 911 1665 Sic
930 1616 999 1664 Stet.
1015 1615 1110 1678 incipit
1126 1614 1213 1665 Acbil.

115 1692 236 1742 babuisse
245 1693 378 1756 describit,
389 1694 397 1720 ‘
407 1692 473 1741 Post
480 1692 524 1741 ubi
533 1690 643 1754 digressi
683 1705 715 1741 ιι.
726 1691 735 1720 ⁴
747 1690 783 1742 At
791 1690 883 1740 Tbetis
895 1689 1045 1752 undisonis,'
1055 1694 1103 1739 &e
1114 1689 1214 1738 Obser-

115 1768 254 1834 lumenqne
277 1769 387 1819 obscuro
412 1768 543 1819 vicissim!
574 1768 643 1817 Seue
684 1763 1213 1832 vsuitboctanunmelegenspriucipium

114 1842 184 1894 bene
195 1845 300 1908 Regino,
310 1846 371 1910 quis
381 1852 473 1895 contre
491 1843 643 1908 dignitstcm
684 1841 768 1892 Hsdr.
776 1840 854 1891 Csrd.
882 1840 959 1890 Hunc
970 1838 1027 1888 AEn.
1037 1853 1076 1888 rr.
1088 1851 1121 1887 es
1132 1838 1214 1900 Apol·
1225 1870 1231 1879 .

115 1932 188 1967 smor
197 1919 440 1984 susceptusgrsuior
448 1933 506 1969 esse
516 1920 590 1969 solet.
602 1920 644 1969 Ex
684 1917 746 1967 lonii
757 1917 856 1981 Argon.
873 1929 912 1965 tv.
933 1921 1044 1963 sumtum
1057 1922 1147 1963 nsrrst
1159 1915 1216 1962 Ms-

114 1993 165 2043 boc
182 1995 251 2045 enim
263 1995 374 2057 nomine,
383 2000 411 2043 et
423 1994 528 2059 pudoris
539 2002 566 2043 et
578 1994 643 2045 deli·
684 1992 755 2042 crob.
766 1992 873 2042 Ssturn.
882 2005 908 2039 v.
918 1995 956 2040 tr.
967 1990 1004 2040 Ut
1013 1989 1166 2052 Apollonius
1174 2004 1216 2039 re-

116 2068 259 2120 berstiouis
275 2070 390 2120 noscitur
405 2084 491 2127 csuss.
508 2077 535 2120 et
552 2071 643 2134 preci·
685 2073 827 2131 presentet
835 2080 947 2117 umorem
958 2066 1216 2128 Medeoe,sicnoster

117 2159 168 2209 pue
185 2144 304 2210 potiundi
319 2143 464 2195 difficultas.
495 2144 645 2194 Videturet
684 2145 793 2209 exponit
817 2144 934 2194 Didonis.
967 2143 1008 2192 Ad
1025 2158 1102 2207 quem
1122 2145 1215 2194 slludit

117 2221 304 2284 postumisssm
314 2221 462 2271 csstitstem
473 2220 644 2281 etismjustus
685 2219 765 2270 Ouid.
777 2220 855 2269 Trist.
868 2235 899 2271 tt.
909 2226 966 2273 588.
999 2221 1051 2270 ‘Et
1066 2228 1152 2269 tomen
1170 2220 1215 2269 ille

117 2296 245 2347 interitus.
262 2297 368 2347 Servius.
686 2304 736 2345 tun
748 2296 811 2346 felix
822 2297 943 2348 AEncidos
955 2303 1045 2347 unctor
1056 2297 1175 2346 Contulit
1188 2297 1217 2345 in

151 2376 164 2419 l
187 2373 224 2422 At
240 2374 335 2436 rqiso]
361 2371 494 2422 Eusrrstis
516 2373 644 2437 omuibus,
684 2372 1217 2437 'l'yriossrmsvirumquetoros.'etepist.

118 2446 151 2495 sd
174 2447 287 2510 quietem
305 2448 415 2497 secessit
439 2447 531 2498 AEncss
544 2467 550 2496 ι
576 2451 644 2500 Dido
686 2447 840 2511 Heroidum,
852 2464 908 2512 que
921 2464 936 2497 s
947 2448 1050 2497 Didone
1063 2448 1096 2496 od
1108 2448 1215 2498 AEneum

116 2530 204 2571 sutem
222 2522 376 2572 intolerabili
396 2537 467 2586 curs,
478 2531 646 2575 moterecor·
686 2524 784 2588 scriptu
796 2530 844 2572 est.
857 2526 1001 2574 Emmeuess.

117 2597 221 2648 dstione
231 2599 360 2662 loquentis
369 2605 398 2648 et
406 2606 508 2649 secreto
515 2600 645 2657 incendio,
716 2600 874 2663 Jomdudurs]
899 2599 953 2649 Aut
970 2598 1076 2648 nimium
1093 2605 1120 2649 ct
1138 2599 1215 2649 vohe-

119 2673 276 2724 torrebotur.
294 2674 411 2725 Donatus.
686 2684 806 2726 menter:
830 2684 860 2726 ut
876 2676 1026 2737 Terentius,
1043 2674 1218 2726 ‘Jsmdudum

150 2748 197 2812 At]
215 2749 341 2815 Antiquos
356 2751 646 2813 sdmodumcodexest,
687 2758 714 2800 te
731 2751 827 2814 smst3’
848 2752 1022 2804 ‘Jsmdudom
1040 2751 1076 2800 illi
1092 2749 1169 2799 focile
1186 2750 1217 2800 tit

118 2824 146 2873 in
155 2825 311 2888 quodliters
322 2839 354 2873 ex
365 2827 547 2891 praepositione
557 2830 589 2876 od
598 2842 645 2891 per
686 2826 755 2891 quod
767 2826 872 2877 dolest.'
904 2825 959 2876 Aut
968 2825 1117 2889 jamdudum,
1128 2825 1155 2874 id
1167 2833 1219 2889 est,

118 2904 129 2947 t
153 2914 257 2964 semper
279 2907 369 2951 notsts
391 2908 440 2964 est,
464 2907 517 2952 tum
533 2902 560 2952 id
576 2918 646 2953 com·
687 2917 768 2968 squo
786 2910 901 2966 tempore
913 2902 978 2951 vidit
994 2902 1107 2952 AEnesm.
1141 2903 1217 2966 Logi-

118 2977 209 3040 positis
235 2975 399 3042 dictionibus,
422 2992 498 3043 quem
520 2979 597 3028 etism
620 2980 647 3028 in
686 2996 742 3031 mus
754 2978 1004 3043 enim,‘0bstnpuit
1012 2978 1095 3041 primo
1107 2987 1217 3042 aspectu

117 3051 148 3100 lis
163 3066 221 3115 quae
238 3052 389 3115 simpliciter
407 3052 588 3117 proferuntur:
608 3062 645 3116 ut,
685 3053 892 3107 SldonisDido.’
924 3053 978 3104 Aut
994 3068 1026 3102 ex
1043 3068 1094 3117 quo
1111 3068 1217 3104 nemore

115 3124 231 3189 ‘Meque
242 3132 269 3175 st
281 3126 442 3190 tusliminu,'
458 3135 486 3177 et
500 3127 646 3194 ‘stetitque
687 3133 769 3197 coepit
779 3131 883 3193 AEnees,
899 3138 944 3179 snt
959 3143 992 3179 ex
1009 3144 1059 3193 quo
1076 3129 1218 3180 intervenit

117 3207 226 3251 vocotus
237 3203 351 3268 Apollo‚’
368 3205 646 3269 et‘stopcrtussmic-
687 3208 797 3271 cupido.
830 3206 932 3256 &minc
948 3205 1008 3256 binc
1020 3204 1156 3268 subjunxit
1167 3208 1219 3254 oul-

116 3278 164 3330 tu!
176 3280 227 3330 Ubi
236 3287 358 3331 cerotex
367 3283 555 3334 consuetudine
564 3286 604 3334 vel
612 3300 645 3334 ex
686 3300 730 3333 uus
740 3284 794 3333 elit.
815 3283 929 3333 Servius.

118 3355 236 3418 snslogis
246 3356 323 3406 scribi
335 3371 403 3406 nunc
414 3359 489 3418 solet,
500 3358 561 3408 ibid
572 3368 645 3409 nots-
718 3360 817 3423 muru]
842 3359 928 3422 Urget
944 3356 1108 3420 metspborus
1128 3370 1144 3404 s
1161 3371 1218 3406 cor·

119 3432 646 3499 tnrzut,‘setosicspudbocspri,'‘Ad
686 3450 750 3499 pore
775 3435 808 3484 sd
833 3435 952 3483 enimnm.
985 3433 1053 3483 Nem
1082 3439 1217 3496 postquam

117 3504 180 3552 mibi
189 3518 246 3553 sese
258 3504 352 3565 offert,’
363 3515 441 3571 utque
449 3509 505 3557 loco
514 3512 574 3571 boc,
584 3511 592 3538 ‘
604 3510 645 3559 Ad
687 3511 763 3572 dixit,
780 3510 870 3570 meio,
886 3507 969 3568 sddlt,
983 3507 1100 3556 ‘Vulnus
1115 3507 1163 3555 alit
1175 3521 1218 3555 ve·

119 3579 293 3643 Regios,'&c.
324 3580 454 3631 Sedenim
464 3582 644 3634 utderstione
686 3584 746 3632 nis!
779 3584 822 3645 Et,
832 3582 907 3639 emb,
924 3581 1003 3630 ideoc
1020 3581 1087 3645 quis,
1099 3588 1128 3631 ut
1141 3595 1218 3631 venc-

118 3655 264 3720 scriptionls
280 3656 366 3719 bnjus,
377 3672 435 3721 qum
447 3656 512 3707 sdeo
522 3657 645 3724 frequens
686 3673 756 3720 uum,
777 3659 816 3707 its
836 3671 907 3707 emor
930 3670 977 3720 per
999 3670 1076 3706 senus
1095 3656 1218 3706 itlsbitur.

117 3735 160 3779 est
171 3730 240 3793 spud
252 3737 364 3792 veteres,
372 3730 468 3797 sliquid
476 3731 644 3784 disseremus:
686 3734 729 3783 Sic
740 3733 798 3783 AEn.
811 3747 829 3783 ι.
840 3736 898 3782 692.
930 3731 1032 3795 Cupido
1050 3747 1066 3782 s
1082 3739 1165 3782 matre
1176 3734 1220 3796 ju·

117 3820 170 3857 nou
181 3807 207 3856 ln
218 3807 352 3857 codicibus
363 3814 463 3858 tuntum
472 3810 593 3875 sntiqnis,
601 3825 645 3860 ro·
687 3811 773 3872 betur,
784 3816 812 3860 ut
823 3808 922 3859 Didoni
937 3809 945 3837 ⁴
955 3807 1096 3857 Occultum
1107 3807 1218 3871 lnspiret

118 3895 174 3930 rum
191 3882 269 3932 etiem
291 3883 317 3931 in
336 3891 453 3933 veterum
474 3886 645 3936 monumentis
688 3887 783 3949 ignem,
791 3884 915 3948 fsllstquc
923 3883 1043 3944 veneno,'
1052 3882 1079 3933 id
1088 3889 1139 3946 ost,
1149 3898 1218 3935 smo-

117 3955 282 4008 obserrstum
294 3959 470 4023 sepiusodet
481 3965 518 4023 ot,
533 3961 588 4010 sive
599 3976 646 4026 per
688 3963 723 4011 ris
746 3961 820 4027 qussi
839 3973 947 4010 veneno.
986 3956 1111 4015 Alludere
1129 3964 1217 4008 sutem

120 4037 141 4094 t,
151 4032 205 4082 slve
216 4048 262 4098 per
271 4036 288 4083 d
298 4036 455 4099 scribuntur,
467 4036 535 4087 idem
551 4038 648 4103 signiti-
688 4039 772 4088 sideri
783 4044 871 4102 potest
880 4036 923 4086 bic
934 4035 1038 4100 quidem
1050 4035 1082 4085 sd
1102 4037 1150 4084 teto
1169 4035 1218 4083 Cs-

120 4122 197 4160 csrer
216 4112 330 4176 quumvis
345 4113 461 4176 juniores
478 4113 648 4167 Grsmmsticl
686 4113 793 4178 pirum
810 4114 849 4163 uti
865 4126 924 4164 mox
942 4111 977 4162 sd
992 4112 1114 4163 foculum.
1148 4110 1217 4161 Num
1235 4116 1240 4121 '
