2678 4694
116 305 204 383 11098
466 317 573 366 none
597 292 798 365 vsnrorrurr'
827 314 866 365 nr

118 462 191 526 cipit
212 461 279 511 Stet.
290 461 349 510 silv.
361 460 379 509 1.
391 460 514 524 r.‘eqnss
525 457 646 522 plsnders
683 467 731 520 tus,
746 459 832 509 Deum
847 458 1010 524 conspiciens
1025 459 1135 510 esnsnti
1149 458 1208 517 sid

115 537 224 590 notatu?
255 536 646 600 Plnrsdnbitexenrplsssnct.
683 537 729 597 les,
745 536 857 585 tunicsnr
874 535 1206 601 picturisrsriegstsndr·

118 613 239 665 Minerva
250 630 275 676 p.
289 617 345 662 reo.
378 614 522 663 Eumenen.
682 628 766 662 orsum
779 615 812 663 sd
831 615 909 676 pedes
926 614 1046 677 dejectus
1062 613 1150 678 ipsos‚'
1163 617 1204 665 dre.

149 698 197 744 uro
221 694 269 741 Neo
290 707 336 741 sorr
359 691 483 740 l'lrrei'oiur
505 694 574 753 lorge
594 707 647 741 m
683 691 751 739 Vide
768 691 807 739 nti
824 691 908 739 loourn
926 691 1003 739 istnrn
1024 691 1097 754 leget
1112 689 1203 755 Lipsin

116 775 179 823 uerte
189 768 307 830 merdas]
324 767 443 830 Orpheus
453 768 580 831 eutropes
590 769 647 816 Mu·
682 765 767 815 Elect.
779 779 809 815 ιι.
820 769 862 815 et.
881 765 977 816 Redeo.
1011 764 1201 817 ludonensis

117 860 153 897 ser
170 851 198 896 et
216 845 306 907 OEopri
322 842 430 892 fluminis
446 842 583 905 tiliust'uit,
602 846 645 908 qni
682 843 715 891 sd
739 842 854 904 Pisones,
878 841 1032 906 ‘traxitque
1060 855 1139 906 rogus
1162 854 1200 905 psr

46 914 50 921 ’
117 921 214 984 primus
225 919 442 983 Orgieinstitoit:
460 920 646 983 primusetism
682 919 783 983 pulpito
802 918 916 968 vestem!
938 924 966 967 et
985 917 1117 968 Mortielis
1135 917 1152 967 l.
1168 928 1199 966 rr.

36 984 42 993 ’
116 996 289 1061 deprehendit
304 997 470 1056 hermeniam,
488 997 514 1045 id
532 1003 582 1058 est,
598 997 647 1047 cir·
681 993 774 1044 ‘Musa
785 1009 833 1044 nec
844 993 933 1044 insono
944 1001 1060 1057 syrmate
1077 996 1199 1043 normis·

79 1111 85 1119 .
116 1075 232 1123 culorum
253 1072 437 1122 mundanorum
459 1087 558 1135 sonum,
580 1088 645 1138 qnos
681 1076 752 1119 met.’
784 1071 946 1120 Callistratus
965 1070 999 1118 de
1017 1077 1106 1119 stetur
1122 1068 1199 1133 ipsi*

12 1145 15 1149 ’
116 1149 415 1199 noremesseuorimus:
437 1150 561 1214 equibus
581 1164 646 1199 snm·
681 1153 736 1194 met
747 1146 857 1208 Orphei,
873 1146 947 1206 χιτὼν
961 1142 1199 1206 tilcfipudreyt·

116 1239 181 1285 mus,
196 1239 271 1288 quern
283 1223 398 1287 drumm
409 1225 509 1288 dieunt,
524 1241 587 1276 sono
604 1241 645 1277 cs·
681 1239 749 1281 seror
765 1220 797 1271 sis
807 1219 893 1271 ettae:
912 1221 993 1271 resim
1007 1221 1038 1270 ab
1054 1223 1156 1271 huntio
1166 1222 1197 1270 de

116 1307 173 1360 ret;
194 1302 257 1350 item
274 1300 386 1361 ultimus,
402 1302 446 1365 qui
463 1309 581 1352 terrenus
595 1312 645 1354 est.
681 1301 751 1348 ducto
761 1301 792 1348 od
800 1302 878 1362 pedes.
913 1299 973 1349 Huc
989 1305 1112 1362 spectent
1124 1297 1198 1348 'lieu

116 1376 219 1439 Reliqui
234 1384 334 1440 septem
351 1386 419 1439 sunt,
435 1393 541 1442 quorum
556 1394 645 1429 sonum
682 1376 721 1424 lus
739 1383 765 1423 et
785 1375 945 1438 Propertius,
960 1374 1045 1438 quiin
1060 1372 1198 1438 descriptis-

115 1452 287 1517 deprehendit
309 1455 447 1517 Orpheusr
467 1454 536 1506 uu'de
555 1457 645 1521 ntique
682 1452 757 1501 nibus
769 1452 861 1501 Phoebi
874 1451 954 1515 petris
963 1451 1080 1513 musices,
1095 1450 1132 1500 illl
1142 1450 1198 1501 irat

114 1537 214 1590 septem
227 1527 332 1592 tingitur
343 1531 453 1579 chordis.
486 1532 593 1594 Mogore
604 1547 647 1582 sn.
682 1527 797 1578 habitum
810 1528 948 1589 assignent.
980 1526 1027 1576 Ait
1036 1527 1082 1576 ille
1093 1527 1127 1578 el.
1134 1529 1198 1577 nst

20 1646 25 1658 .
115 1611 167 1654 tem
184 1609 283 1666 'oedem
306 1612 350 1653 ent
372 1598 507 1655 citheroedi
529 1607 645 1656 habitum
682 1604 755 1653 ‘lms
771 1604 907 1653 ridebatur
925 1603 983 1651 telis
1001 1601 1112 1652 illudere
1128 1599 1199 1665 pelis!

114 1678 189 1743 dicit,
209 1687 254 1730 ant
276 1681 377 1743 longnrn
400 1681 523 1743 hurbem,
550 1698 608 1732 nero
630 1698 647 1733 s
683 1680 734 1730 Hic
746 1681 780 1729 el.
792 1693 823 1729 ιι.
835 1683 876 1730 tl.
893 1679 1022 1742 ‘Pythius
1033 1680 1059 1728 iu
1071 1680 1200 1743 tongren-

113 1758 243 1806 contrario
255 1757 393 1819 imberbes,
403 1757 504 1807 irruenter
516 1772 645 1809 vocemus.
681 1756 750 1805 mina
768 1762 839 1805 veste
852 1755 942 1805 sonet!
975 1755 1089 1820 Utrique
1099 1754 1201 1819 odjum

113 1832 218 1883 Seruius.
682 1833 813 1881 Valerium
836 1831 898 1896 Arg.
920 1833 940 1895 l,
959 1846 979 1881 1.
1003 1833 1047 1897 qui
1069 1833 1202 1882 ministrs!

147 1909 198 1958 Neo
209 1925 254 1957 sorr
269 1908 401 1972 Tlrrei'eirrr]
425 1909 550 1960 Ostendit
567 1910 646 1960 ciths·
682 1908 775 1958 Plroebi
794 1909 850 1972 peri
867 1909 958 1958 habitu
972 1917 1059 1969 ornet,
1076 1908 1114 1958 its
1131 1906 1202 1973 inqui

114 1998 178 2046 rom,
190 1986 257 2035 inter
273 1987 392 2037 honestos
408 1987 552 2038 enumersri
566 1994 645 2039 ortes.
682 1999 742 2034 ens:
760 1986 831 2035 ‘Hic
841 1993 923 2047 vetes,
931 1984 1077 2049 Plroebiqne
1087 1984 1151 2035 noe
1161 1995 1204 2033 nos

115 2061 163 2111 Est
174 2062 239 2111 eninr
252 2063 357 2113 musice.
392 2065 511 2114 Dosotss.
682 2075 748 2110 runs
770 2062 883 2124 petentis
903 2060 1021 2124 Mopsus,
1042 2061 1151 2124 pnrrioso
1167 2055 1205 2109 erl

146 2138 269 2202 Sacerdos]
296 2141 363 2192 Quis
383 2147 412 2189 et
429 2141 571 2204 Theologns
588 2139 646 2203 t'nit,
681 2136 835 2187 circumfuso
846 2137 970 2188 cothurno
986 2137 1139 2186 Pellsimos
1151 2133 1205 2185 istit

114 2221 142 2263 et
154 2215 236 2278 Orgia
245 2216 341 2278 primus
351 2216 470 2266 instituit.
497 2216 645 2278 lpscetiarn
682 2214 739 2262 sibe
760 2214 857 2277 pedes!
886 2223 913 2263 et
935 2213 1059 2262 Ovidium
1080 2213 1151 2265 Post.
1170 2222 1206 2261 vt.

15 2304 19 2309 ·
114 2292 228 2341 homines
239 2294 272 2341 de
285 2292 345 2341 feris
362 2300 388 2340 et
405 2292 475 2339 duris
494 2291 645 2354 comperuit.
681 2290 727 2339 ‘et
738 2296 767 2337 nt
778 2290 844 2338 lrnnc
863 2288 973 2338 tibicine
989 2295 1089 2336 centnm
1103 2287 1205 2351 Augur

115 2367 190 2416 Unde
201 2367 298 2416 dicitur
309 2368 412 2414 arbores
422 2373 449 2414 et
459 2366 645 2428 euomuisse,
681 2364 707 2413 in
719 2365 802 2428 longis
813 2366 927 2414 restibus
940 2365 1083 2426 irejubet.’
1112 2364 1192 2413 Caris.

115 2450 144 2490 nt
157 2443 237 2491 Deus.
273 2442 376 2489 Soreiu
712 2445 761 2491 oto
785 2442 925 2504 Obloqsitur
945 2440 1061 2503 umeris]
1094 2436 1205 2491 Dicendo

148 2519 270 2567 i'trei'eius
281 2519 297 2565 1.
309 2516 519 2579 cumesocerdos]
538 2517 646 2579 Orpheus
680 2516 819 2579 obloquitur,
837 2517 990 2566 chordarum
1011 2517 1142 2580 expressit
1160 2516 1206 2565 lso·

113 2593 236 2642 llrrscins
256 2593 384 2655 Calliopes
401 2595 483 2643 ltlusoe
496 2595 525 2643 F.
542 2595 586 2658 qui
603 2594 644 2644 liic
674 2593 747 2653 dem,
758 2608 822 2655 ques
833 2592 897 2641 dicit
910 2593 996 2641 verbis
1008 2593 1139 2657 loquutus.
1165 2589 1206 2640 Ol·

114 2671 220 2718 modos
236 2669 339 2731 dicitnr,
358 2671 418 2733 quis
438 2671 532 2731 primus
551 2686 584 2719 ex
604 2670 645 2718 ΙΕ-
680 2669 743 2730 toqui
764 2669 831 2717 eninr
854 2683 904 2716 non
925 2676 976 2730 est,
995 2669 1046 2718 nisi
1066 2677 1159 2719 contre
1176 2669 1206 2717 lo·

115 2752 300 2809 gyptosrcsns
317 2746 516 2795 ceremoniarum
534 2752 645 2795 trenetu-
682 2752 803 2809 quentem
815 2745 893 2808 loqui.
927 2743 1034 2793 Seruius

113 2821 153 2882 lit,
170 2828 197 2869 et
206 2821 277 2882 orgia
288 2821 417 2869 instituit:
439 2822 506 2871 unde
518 2828 546 2870 et
563 2822 645 2871 Hore-
715 2820 857 2882 Obloquitur
874 2821 976 2868 moeris
996 2822 1099 2884 septm]
1132 2819 1206 2871 Nini-

114 2900 152 2949 tio
170 2906 278 2948 vocetur
297 2902 388 2948 ‘secer
405 2899 582 2963 interpresque
602 2899 645 2948 de·
681 2910 737 2944 rnrn
754 2896 800 2944 det
816 2899 864 2945 τῶν
879 2895 1031 2959 ὴταχόρὸνν
1048 2895 1169 2960 lippari&
1183 2901 1205 2945 et

114 2976 202 3024 orum!
236 2977 323 3037 Longo
347 2982 432 3024 nutem
451 2983 575 3039 syrmate,
596 2977 644 3024 hoc
680 2974 771 3036 Epigr.
792 2974 886 3023 Graeco
906 2974 937 3022 de
957 2973 1063 3036 tnebu,
1082 2977 1128 3033 σῆι
1145 2972 1205 3039 χφδι

114 3060 163 3115 est,
175 3060 246 3102 veste
256 3050 327 3101 flurs
336 3060 363 3103 et
380 3054 479 3117 prolixe
490 3053 644 3117 humumque
681 3048 771 3110 duolio
798 3048 884 3098 drosos
910 3048 988 3112 χάριν,
1009 3048 1148 3100 ἑπτάπυλον
1167 3049 1205 3112 ylo

113 3137 244 3188 verrente,
260 3130 379 3179 tibicines
398 3129 566 3195 tidicinesque
586 3146 644 3180 nsos
681 3123 776 3189 Πέτρην
798 3125 917 3187 iri-rupim
940 3125 1050 3186 uixisse
1077 3129 1103 3176 tr
1124 3126 1205 3191 essm.

114 3219 179 3267 esse,
190 3207 230 3254 rel
243 3221 274 3254 ex
287 3207 397 3256 Horatio
408 3213 506 3265 notum,
521 3208 547 3256 in
559 3207 643 3257 Arte:
681 3202 771 3265 Eurip.
792 3217 894 3266 quoque
914 3203 939 3251 in
957 3202 1060 3254 Alcest.
1080 3213 1109 3255 et
1130 3203 1205 3269 ipsu.

112 3282 259 3346 ‘traxitque
269 3298 347 3346 regns
356 3298 402 3346 per
411 3283 510 3346 pulpita
521 3292 617 3334 vestem
629 3284 644 3332 :’
681 3275 810 3326 ἕπᾶτονον
830 3277 906 3338 χέλυν
926 3287 1017 3328 vocet:
1041 3286 1071 3329 et
1090 3279 1206 3329 Plini-'1³

114 3359 176 3408 item
196 3374 211 3407 e
228 3366 252 3409 t.
272 3359 304 3408 ed
326 3360 438 3408 Herenn.
471 3360 539 3407 Telis
556 3366 582 3408 et
601 3360 644 3407 ille
681 3355 760 3418 Pyth.
773 3355 826 3403 od.
838 3361 863 3405 1.
879 3354 1001 3418 populna
1011 3355 1171 3415 hidem,
1185 3363 1207 3405 et

114 3442 220 3482 notatur
242 3434 310 3496 opud
338 3434 434 3482 Tibull.
455 3448 496 3484 ιιι.
517 3439 541 3484 4.
569 3434 644 3483 ‘lms
680 3432 705 3480 in
729 3433 806 3480 Nem.
828 3431 1008 3493 ineptorum.
1042 3433 1206 3483 Collisnnelrur

112 3508 248 3558 videbatur
272 3510 328 3557 tslis
352 3509 460 3558 illudere
482 3510 566 3573 polim·
599 3512 642 3559 De
679 3515 766 3556 sutem
794 3508 820 3555 in
842 3510 903 3557 Deli
930 3507 1025 3570 hymno
1048 3517 1090 3559 est
1112 3518 1206 3566 suetos,

115 3599 164 3649 quo
176 3592 204 3634 et
219 3585 331 3634 turneb.
344 3598 446 3634 xxviii.
458 3591 499 3635 16.
515 3594 543 3635 et
560 3600 641 3637 xviri.
679 3583 826 3647 Apollinem
846 3598 953 3632 numero
971 3585 1123 3647 septentrio
1141 3584 1207 3635 chor·

114 3664 155 3710 35.
187 3660 291 3709 Servius
313 3663 408 3721 tongum
429 3667 516 3711 testem
536 3664 644 3725 exponit
679 3659 725 3708 dus
738 3660 845 3708 citharae
864 3659 1019 3722 definivisse,
1035 3662 1107 3726 quod
1118 3660 1206 3724 septies

113 3737 192 3786 etiam
204 3735 305 3799 longam
318 3735 439 3784 barnam:
459 3751 517 3785 curn
531 3738 643 3801 vesticeps
679 3735 755 3799 cycni
773 3737 880 3785 Letonae
900 3737 926 3783 in
946 3737 1007 3786 nixu
1027 3738 1207 3797 retinuissent,

112 3814 216 3863 dicetur
229 3814 350 3862 burburus
363 3833 369 3868 ;
384 3821 438 3861 ete
453 3813 581 3862 contrario
598 3815 642 3862 r'm-
679 3811 743 3861 ἔνθεν
760 3813 772 3859 d
789 3814 843 3861 reis
858 3811 948 3862 eteros
964 3813 989 3862 il
1007 3813 1070 3879 λύρῃ
1087 3814 1206 3874 ἐκθήσω

112 3889 393 3940 ὸειὺίιεῑίιιιιίνιυειῆι.
425 3889 583 3939 Teubnrnnn.
678 3888 764 3952 χορδὰς
776 3885 897 3953 Ὕστερον,
915 3890 1000 3939 ὁσσάκι
1016 3890 1098 3940 κύκνοι
1112 3893 1148 3940 δι’
1162 3887 1206 3940 dl

145 3965 373 4028 largorumeeste]
407 3965 520 4014 Habitus
533 3965 642 4014 musicus
678 3964 856 4015 reooudsioov.
882 3967 1206 4027 Fulgentiustsmenhm

112 4041 163 4091 fuit
176 4043 236 4091 olim
247 4043 373 4091 demissus
385 4043 417 4091 nd
430 4043 518 4106 pedes,
530 4043 588 4091 ideo
599 4058 643 4091 no·
679 4042 794 4091 Maronis
818 4041 903 4090 locum
924 4042 957 4090 ed
978 4050 1081 4106 septeni
1102 4044 1205 4095 diutia

113 4123 199 4166 tester
214 4120 285 4179 lorge
301 4123 372 4168 reste.
405 4118 642 4181 ApulejusFlorid.
678 4131 774 4181 genere
794 4117 891 4166 meruit
912 4116 1021 4180 referre,
1041 4119 1205 4179 Disstsm.

113 4205 145 4243 11·
161 4192 261 4258 ‘Eique
277 4207 380 4258 prorsus
397 4193 580 4245 eitlrsroedicus
590 4202 643 4245 sts·
678 4193 834 4258 systemate,
845 4192 1006 4260 Phthonqor,
1018 4195 1115 4263 Tonos,
1126 4195 1204 4247 uere
