2678 4694
180 274 268 341 esui
536 286 645 337 noun
666 285 867 335 remonon
892 284 931 333 rn

180 434 266 497 Mero,
282 432 383 483 inducit
393 433 475 497 ipsum
485 431 617 483 Didonem
625 430 656 479 in
668 444 713 479 es·
751 429 838 479 niara
857 434 915 479 m
933 429 1005 493 dius,
1032 429 1083 479 line
1103 432 1157 492 est,
1182 440 1237 479 uus
1256 428 1289 477 ds

180 511 269 561 tremis
286 509 339 558 suis
357 510 405 558 iste
422 508 571 558 dicentem:
594 506 712 556 ‘Urbem
752 504 969 555 conditionalibus
1007 502 1069 555 istis
1106 510 1226 555 statuto:
1268 504 1289 556 si

180 587 332 652 preclarum
352 586 439 646 stetui,
459 599 514 634 mss
537 583 631 634 moenis
650 583 713 646 vidi,
751 582 870 645 Trojunae
890 581 979 630 classis
998 594 1049 629 non
1069 580 1226 643 contigisset
1247 580 1291 631 sd·

180 664 244 715 Uita
261 663 352 722 virum,
369 675 456 724 poenss
475 662 579 711 inimico
597 676 612 708 ι
630 658 713 709 frutre
752 665 852 708 rentur.
885 656 989 707 Sarius.

179 739 277 802 recepi,
296 739 384 799 Foelix,
403 739 453 788 heu
469 736 574 785 nimium
592 735 675 795 felix,
691 736 713 784 si
786 734 909 798 Necsde,
924 736 1160 800 nerianum]
1177 735 1240 785 Nou
1251 750 1289 785 se·

179 815 256 864 litore
278 820 379 865 tuntum
408 814 546 878 Nunqnsm
574 810 713 860 Dardanius
752 809 864 861 eundum
872 811 1017 861 institutum
1027 820 1138 869 ustnre,
1148 811 1220 877 quod
1229 810 1289 862 fetis

180 889 326 949 tetigissent
357 896 445 937 nostru
467 886 580 936 carine!
620 887 664 936 Sic
687 892 714 936 st
752 887 922 937 attribuitur:
939 887 1053 938 difficilis
1067 889 1137 939 euius
1155 895 1288 947 met,

179 965 311 1015 Vulcanus
331 963 488 1026 respondens
507 962 602 1011 Veneri
622 962 715 1011 srmeri
753 979 812 1015 curu
833 979 885 1014 uon
907 980 1031 1015 consensu
1055 973 1160 1014 nutum
1181 965 1288 1027 splritus

179 1037 259 1093 tilium
270 1039 420 1102 postulanti,
442 1037 614 1088 conditionale
632 1035 713 1086 utum
753 1040 880 1101 redditur,
896 1039 1172 1103 sedviextorquetnr.
1197 1041 1288 1091 nm.

180 1115 276 1167 ndserlt
292 1112 370 1162 fuisse
388 1112 514 1176 Trojenis,
534 1120 563 1161 ut
582 1112 602 1162 si
621 1113 713 1161 AEness
786 1117 852 1166 Nuus
877 1116 932 1181 quin
956 1130 1000 1181 use
1020 1115 1086 1177 sno,
1110 1114 1290 1179 neritus-dul

180 1187 653 1247 eoeleslilrusermisfuisseterrnetus,
670 1204 714 1240 sn·
755 1194 872 1243 Nunnius
891 1194 910 1243 l.
930 1182 980 1241 vri.
1023 1193 1054 1242 ln
1074 1192 1154 1241 rebus
1173 1190 1290 1242 humb

180 1281 227 1316 uos
239 1280 267 1315 x.
287 1266 441 1330 ultraquam
458 1267 534 1316 stetit
551 1266 715 1331 'l'rojsdnrn-
754 1277 799 1318 sut
812 1269 910 1329 Fatum,
921 1275 965 1318 unt
979 1269 1082 1329 Nature,
1095 1275 1141 1317 sut
1154 1267 1289 1317 &uren

180 1349 232 1402 ret,
248 1356 296 1390 uec
309 1342 425 1391 Priamus
445 1351 505 1391 unte
525 1343 593 1392 idem
612 1352 715 1408 ternpus
753 1344 884 1393 i'meternnr
903 1359 982 1406 supro
1002 1344 1093 1392 Fatum
1112 1342 1212 1406 sliunid
1229 1356 1290 1395 m·

180 1418 297 1484 periret:
324 1433 374 1482 quo
397 1419 517 1481 presidio
540 1420 714 1484 pretermisso
754 1422 863 1484 tingere,
880 1421 955 1469 testis
973 1421 1163 1469 Homerusest.
1194 1418 1299 1469 ΝΕ

181 1493 359 1558 preponenda·
384 1495 504 1557 Trojuuae
532 1496 715 1545 incolumitatis
754 1502 956 1561 quoquepraeter
968 1496 1049 1557 sutum
1069 1494 1143 1545 Dido
1159 1492 1289 1558 extingui·

181 1570 300 1621 extinctu
320 1570 437 1619 conditio
457 1578 514 1618 est:
544 1578 572 1620 et
593 1571 642 1619 hoe
665 1581 716 1634 cst,
755 1581 806 1634 tur,
823 1573 911 1632 idest,
928 1579 989 1620 unte
1005 1571 1074 1620 diem
1090 1569 1208 1620 fetulenu
1243 1570 1290 1620 la·

182 1648 253 1712 qnod
273 1647 319 1708 nit,
334 1646 428 1695 Similis
449 1647 471 1695 si
492 1661 549 1694 curn
565 1646 672 1708 fuissem
688 1656 716 1697 et
755 1645 999 1711 grunetnpelllns
1013 1658 1076 1695 nur.
1090 1650 1113 1695 l.
1129 1660 1211 1710 super
1227 1645 1290 1695 lllud

182 1723 251 1789 quod
275 1723 349 1782 dicit,
376 1723 426 1772 Fur
442 1723 517 1784 mdis,
531 1726 572 1785 irc.
598 1724 647 1771 hoc
667 1730 717 1785 est,
755 1723 812 1772 Cic.
844 1724 953 1772 ‘Mults
983 1723 1135 1785 impendere
1171 1721 1292 1773 vide-tn

181 1814 229 1862 per
240 1798 296 1849 l'stu
308 1799 431 1849 licuisset.
462 1799 568 1847 sienim
580 1796 653 1857 nefas
666 1807 715 1860 cst,
755 1807 852 1862 preter
874 1800 1001 1848 Natorum
1023 1800 1112 1856 etism,
1141 1807 1291 1863 preterque

181 1875 287 1925 obviare
306 1875 374 1936 tntis,
402 1872 440 1922 sus
461 1882 501 1923 est
526 1889 609 1934 omne,
639 1875 716 1939 quod,
756 1873 863 1922 Fatum!
889 1873 957 1922 ltern
968 1873 1170 1922 Callusmd.
1188 1874 1291 1923 &ntus
1324 1868 1327 1873 ’

182 1951 352 2014 permittente
364 1949 474 2000 t'atomm
487 1951 553 2013 lege,
568 1960 716 2014 prestetur.
755 1949 824 1997 Dan.
845 1955 875 1996 nt
896 1947 1018 1996 conciliet
1034 1946 1106 2008 illud,
1123 1948 1179 1995 Stet
1190 1948 1292 1997 moui·

184 2028 254 2091 Ergo
273 2043 362 2076 sensus
381 2028 423 2077 hic
440 2034 497 2076 est:
521 2030 585 2075 Cere
602 2044 653 2091 qxre
672 2029 717 2077 titi
755 2025 869 2086 mdia,
887 2022 1010 2073 fstseliu
1027 2022 1294 2091 iscitDmritius,

181 2118 242 2152 nunc
253 2107 296 2164 est,
312 2104 334 2151 ri
345 2107 423 2151 stuste
436 2102 506 2162 linio
512 2102 608 2164 luisset,
627 2104 718 2152 umori
756 2113 814 2163 que
825 2101 995 2148 mutationem
1008 2100 1111 2148 omnim
1120 2100 1220 2148 unitam
1231 2101 1294 2150 reni·

174 2178 257 2247 filiam
285 2184 352 2227 tuum
379 2178 439 2226 mihi
464 2193 508 2242 per
525 2178 582 2238 fotu
604 2180 717 2240 tinniat,
756 2174 846 2239 pient:
880 2175 930 2224 ulls
959 2175 1144 2237 omnesaue,
1168 2176 1191 2224 ui
1220 2190 1292 2227 nm

182 2262 290 2318 propter
310 2254 434 2303 rationem
463 2256 564 2303 scilicet
588 2255 717 2304 condicio·
756 2250 1110 2300 nlinmerentumuttnlerit.
1146 2251 1294 2303 Mam.

180 2329 244 2377 uelis
265 2328 322 2387 feti,
342 2338 369 2379 et
388 2331 465 2377 vitem
479 2329 577 2377 Priami
594 2337 622 2378 et
638 2345 718 2394 regnu
788 2327 882 2375 Merita
898 2343 941 2376 sce
957 2328 1043 2390 morte]
1062 2328 1163 2376 Merite·
1176 2342 1242 2378 nors
1257 2328 1295 2377 dl·

182 2404 279 2467 Trojae,
300 2413 351 2454 trun
371 2406 495 2469 luppiter
513 2404 717 2469 qnemietsser-
756 2402 824 2452 citur
836 2417 934 2460 corum,
950 2403 993 2467 qni
1015 2404 1128 2453 maxims
1141 2404 1168 2452 in
1179 2404 1253 2468 (lens,
1268 2412 1293 2455 ct

181 2488 297 2542 restent,
321 2495 380 2530 cum
402 2482 449 2528 hoc
473 2480 575 2529 decreti
600 2481 717 2530 conditio
756 2492 807 2527 nou
818 2477 976 2541 ignoscenda
992 2480 1187 2541 commiserunt,
1208 2483 1293 2546 onies

184 2555 338 2607 contineret.
372 2557 442 2620 Ergo
464 2557 536 2606 ‘stat
558 2572 604 2606 sne
623 2559 717 2622 cuique
754 2553 859 2605 inerunt
881 2557 1025 2605 Mezentius
1044 2562 1072 2606 et
1089 2556 1182 2606 ixion:
1209 2557 1293 2608 inne

184 2632 257 2694 dles,'
275 2640 318 2680 nrrt
331 2632 517 2684 denuncietivo
536 2634 606 2696 t'et03
623 2644 650 2685 et
663 2652 717 2686 mn·
755 2631 805 2680 rit!
817 2631 926 2680 Didiis¹⁸
943 2630 1004 2693 t'uit,
1021 2647 1080 2696 (1¹1⁸
1095 2633 1146 2681 *ibi
1165 2634 1292 2685 emilii

184 2711 310 2759 tutionem
331 2711 432 2759 omniuo
460 2725 510 2759 nou
532 2712 645 2775 recipit;
673 2720 718 2762 eut
755 2718 874 2772 mortem,
891 2710 984 2759 nullius
1000 2710 1106 2759 sceleris
1117 2709 1167 2759 sibi
1180 2711 1293 2773 conscie,

184 2785 367 2845 conditionali;
386 2793 413 2834 et
431 2787 451 2834 si
468 2796 590 2836 everunm
607 2789 717 2838 alterum
755 2793 784 2834 ut
806 2787 862 2835 haec
881 2786 992 2835 Gutlrer.
1012 2785 1044 2834 de
1064 2785 1132 2835 Jnre
1155 2786 1194 2836 M.
1215 2800 1236 2836 ι.
1256 2790 1292 2836 lt.

183 2875 256 2912 cesus
267 2863 399 2922 adtulerit,
409 2876 469 2918 non,
487 2863 605 2926 inspectu
615 2864 666 2928 die,
678 2879 718 2913 nc·
755 2861 889 2911 Videndns
912 2862 945 2911 sd
973 2863 1042 2910 hunc
1069 2861 1187 2910 Maronis
1209 2863 1293 2912 beu

184 2938 314 2987 celeratur
325 2939 459 2986 interitus:
478 2938 547 3001 quod
565 2953 627 3002 ergo
644 2939 718 2999 dixit,
756 2939 862 2986 Sslmus.
877 2936 945 2986 Plin.
958 2940 1168 2999 exerc.p.1119.
1186 2937 1293 2986 Ennius.

182 3014 270 3063 ‘Num
299 3016 358 3078 quie
388 3028 435 3062 uec
457 3013 521 3076 into,
545 3015 637 3064 merite
668 3030 717 3065 neo
787 3017 836 3062 our
853 3012 997 3061 Sedmism
1007 3013 1149 3077 untedium]
1174 3013 1236 3062 Nou
1255 3020 1293 3063 est

183 3097 266 3138 morte
279 3090 399 3151 peribet‚'
417 3090 556 3138 noloillnm
573 3099 648 3155 putes
666 3092 718 3139 uni·
756 3091 920 3148 eontrarium,
951 3089 1021 3153 qnod
1048 3089 1113 3138 dicit
1134 3090 1161 3138 iu
1184 3089 1302 3150 decimu.

183 3180 257 3215 versa
274 3166 444 3216 confundere.
478 3167 520 3216 Illi
543 3168 610 3215 eninr
628 3167 717 3216 dicun·
755 3165 835 3213 ‘Stat
855 3180 900 3213 sue
932 3165 1024 3228 cuique
1057 3164 1131 3213 dies!
1173 3166 1244 3215 Nun
1265 3173 1292 3215 ut

183 3251 289 3292 turnon
308 3242 362 3293 fato
381 3243 477 3306 perire,
494 3243 540 3293 sed
555 3244 657 3306 merito,
673 3244 718 3306 qul
755 3255 824 3304 sepe
845 3240 964 3303 diximus,
992 3241 1134 3290 secundum
1155 3250 1243 3291 sectus
1260 3242 1292 3291 lo·

183 3320 294 3369 mexiuru
314 3321 340 3368 in
358 3319 429 3381 deos,
446 3326 474 3369 et
491 3334 540 3368 uon
561 3320 718 3383 ignoscendis
756 3317 859 3381 quitur:
878 3324 906 3365 et
925 3318 973 3367 lroc
985 3317 1212 3383 secundunslios,
1230 3317 1293 3369 iliud

129 3387 134 3395 “
183 3396 359 3457 committunt,
381 3404 409 3445 nt
429 3396 587 3453 Salmoneus,
610 3403 639 3445 ut
659 3411 719 3445 con·
756 3392 896 3442 secundum
920 3393 983 3442 ulios
1006 3394 1103 3444 dietum
1125 3403 1175 3446 est
1208 3396 1293 3449 Quen·

184 3475 301 3531 temptor
312 3470 397 3517 divum
411 3472 566 3532 Mezentius,
577 3479 607 3521 ut
617 3471 718 3534 Tityrn,
757 3484 831 3533 quem
843 3469 1028 3518 Grammaticse
1041 3471 1223 3534 responsiones
1238 3485 1293 3535 pos·

182 3552 213 3594 ut
225 3545 311 3593 Ixion:
332 3561 404 3608 qrros,
420 3547 442 3594 si
462 3545 517 3596 fsto
534 3548 627 3596 dixeris
640 3562 718 3610 oppe-
756 3554 816 3596 suut
828 3545 955 3610 sufficere,
970 3548 978 3573 ‘
991 3547 1088 3597 Omnia
1106 3547 1189 3609 vineit
1204 3563 1291 3599 mor:

184 3621 255 3678 iisse,
282 3622 454 3683 pugnaveris:
491 3638 549 3671 uam
573 3625 616 3687 qni
643 3639 718 3673 exce·
756 3629 784 3672 et
795 3637 841 3672 uos
853 3623 975 3672 cedemus
987 3622 1086 3672 emori!
1118 3623 1224 3674 Senius.

184 3695 250 3746 dunt
271 3696 439 3759 delinquendi
464 3698 577 3759 modum,
601 3699 648 3761 ipsi
669 3700 718 3749 sibi
789 3702 854 3747 Ante
864 3700 946 3762 diem}
962 3700 1030 3749 Ante
1043 3707 1156 3762 tempus,
1170 3699 1296 3765 quodnu-

182 3787 286 3837 poeunui
307 3773 435 3831 sanciunt,
452 3789 528 3837 qnam
549 3775 570 3822 si
593 3773 653 3823 selis
674 3778 719 3825 im·
757 3781 815 3825 turn
825 3774 1025 3837 potuitnlene.
1059 3777 1180 3827 nomm

184 3848 324 3911 putendum
337 3850 476 3912 putaveris,
485 3865 592 3898 excuses
602 3866 719 3915 peremp-
789 3854 838 3902 Sed
850 3854 936 3902 misero
947 3861 1002 3903 uste
1012 3854 1086 3917 dim]
1107 3854 1139 3903 ld
1158 3860 1210 3917 est,
1224 3856 1296 3919 (suu

183 3930 266 3973 torum
280 3933 387 3974 reatum.
423 3927 481 3975 Hoc
499 3933 538 3975 est
559 3942 630 3990 ergo,
651 3928 718 3991 quod
756 3928 944 3988 toreDonnto)
971 3937 1033 3978 ante
1054 3938 1230 3994 tempusque
1246 3930 1298 3981 Ne·

183 3999 256 4062 dicit,
275 4002 413 4065 Numquid
428 4016 470 4050 nec
481 4001 546 4064 suto,
563 4002 589 4050 id
607 4010 656 4065 est,
675 4003 719 4052 de·
756 4012 815 4054 ture
839 4007 924 4068 potuit
945 4005 1039 4055 efferre
1059 4020 1226 4069 consensum,
1252 4006 1297 4071 ηδ

184 4080 341 4142 nunciatiro,
356 4081 441 4128 mento
461 4096 502 4130 uec
521 4085 604 4141 morte,
626 4081 719 4143 idest,
755 4081 977 4145 pciperAEschylo.
1011 4083 1096 4132 Futuli
1106 4083 1185 4133 morti
1203 4091 1235 4133 et
1246 4084 1300 4135 Nu·

102 4175 104 4179 <
185 4155 256 4203 nullo
276 4155 498 4208 immmdcrimine
511 4157 662 4219 commisso,
677 4160 719 4208 scd
757 4157 1300 4225 turuli,inquit‘l'uruebnur.lulunsnp-
