2678 4694
114 300 201 368 2870
468 311 576 368 uuum
600 312 800 371 vsurontru
825 314 864 371 rrt

124 485 129 493 ·
149 462 229 525 Puppi
240 460 340 525 modo]
369 459 506 527 Subaudls,
523 462 585 514 Hae
600 463 645 514 ait.
683 462 748 516 citat
756 479 869 530 versam,
879 450 1053 532 isengrinus
1064 464 1131 519 tanti
1136 454 1218 521 dane-

115 536 229 587 Serrius.
681 545 740 590 nat
755 541 845 591 eutero
861 542 944 593 nisibi.
984 542 1051 593 mut
1075 554 1139 596 vero
1162 558 1217 595 non

148 613 241 678 Puppi]
258 612 310 665 llio
320 615 391 665 locus
400 615 588 680 gubernatoris.
613 617 645 668 ln
683 617 805 683 displicet
815 619 927 670 Pontani
937 621 1082 672 molentis:
1108 620 1155 672 aad
1172 636 1219 672 ne·

117 690 217 741 Catone
234 691 336 753 Cicero,
359 692 472 744 ‘similes
491 702 560 757 suut,
579 701 609 744 ut
624 695 646 744 si
683 707 734 757 que
742 695 873 744 veteribus
882 695 1022 760 codicibru‚
1030 711 1081 747 uno
1089 710 1216 748 consensu

117 765 173 832 quis
180 767 377 831 gubernatorem
386 770 411 818 in
418 771 646 836 navigandoagere
683 769 936 833 legentibus'eodem
954 770 1038 836 modo,
1056 776 1084 822 et
1102 770 1217 838 antiquis

116 842 178 892 nibil
189 843 270 906 dicat,
280 859 339 894 cum
355 846 399 895 alii
415 847 495 897 matos
512 847 646 912 scandant,
684 851 723 894 tot
733 845 926 912 Grammaticis,
944 862 1009 913 qnos
1021 853 1109 898 taman
1120 848 1218 899 Post»

79 975 82 979 .
116 918 160 968 alri
171 934 218 983 per
229 918 298 970 soror
308 922 444 985 cursrteot
461 923 504 973 alii
519 925 647 975 sentinam
683 934 729 970 nus
747 921 841 986 eludit,
860 923 940 973 ausim
960 923 1218 993 refragabantur

116 995 329 1059 exhauriant,llle
345 1003 430 1047 autem
442 998 543 1048 clavum
556 1005 646 1050 tenens
683 997 829 1060 prasertim
845 997 1019 1050 Quintilianus
1037 1001 1076 1051 lta
1094 992 1223 1053 libuini-'³

116 1071 231 1122 sedeat
225 1086 251 1120 vu
271 1072 371 1136 puppii
403 1073 530 1123 Ovldrus
524 1090 549 1123 m
561 1075 657 1140 Epist
684 1080 743 1123 tavo
753 1073 841 1124 drcat
859 1075 995 1141 ‘Propriia
1005 1056 1227 1202 dignitatem&

116 1145 647 1213 Sappboa·‘1psegnberuabrtresldens
684 1147 843 1237 antiquitas!
873 1150 964 1215 quue
979 1156 1130 1201 oruammto

115 1223 372 1288 inpuppeCupim!
404 1228 490 1279 Cerdo.
684 1225 740 1274 rimi
756 1225 898 1288 judiciiP.
910 1226 1032 1292 Virgilius
1043 1224 1218 1287 atumem.

148 1300 240 1365 Puppi]
259 1302 335 1353 Quod
346 1302 482 1367 Oppianus
493 1323 543 1358 m.
555 1321 594 1358 ιν,
606 1312 646 1359 bs.
683 1307 711 1351 et
721 1302 838 1365 qumans,
848 1302 881 1352 ad
892 1303 1064 1368 apargeodsrn'
1075 1303 1225 1367 summit»,

117 1372 163 1424 oia
184 1375 211 1424 bi
229 1376 378 1442 sonoribus
398 1380 490 1432 dudm
511 1383 648 1449 διιβήτορεε
682 1386 745 1428 iem·
778 1378 882 1428 Pim-

115 1451 195 1516 ἄνδρες
202 1452 322 1516 'Elium
329 1455 444 1522 πρύμνῃσι
455 1461 512 1508 νῶν
522 1458 648 1524 ἐφέηκα
717 1456 847 1519 Quianam]
863 1454 942 1521 Arari,
952 1456 979 1505 id
990 1461 1040 1519 est,
1051 1456 1115 1506 cuti
1131 1460 1162 1506 ut
1173 1470 1221 1506 ex·

117 1525 210 1588 ixion
232 1528 431 1584 Quemadmodum
439 1539 517 1583 mteru
525 1537 648 1599 poutigm.
685 1532 759 1595 poult
778 1532 861 1581 Prisc.
879 1533 896 1582 l.
909 1545 978 1582 svn.
996 1532 1111 1582 etunlee
1122 1530 1221 1595 probat

114 1604 197 1653 dorum
206 1604 354 1668 navigiorum
364 1623 522 1659 meumes
536 1609 649 1662 &denter
683 1604 777 1669 Scallg.
800 1605 876 1656 Poe:
900 1621 937 1658 ιν,
958 1610 998 1657 ld.
1020 1612 1047 1656 et
1073 1612 1219 1670 agnoscunt
1254 1650 1258 1657 .

116 1680 142 1728 ia
150 1680 276 1745 puppibus,
286 1687 310 1731 et
320 1684 414 1733 mrim
424 1689 553 1736 traam,
560 1688 647 1750 guber.
685 1695 772 1731 omues
780 1674 839 1730 iere
849 1680 909 1730 libri
921 1687 949 1731 et
959 1681 1136 1743 Grammatici‚
1153 1681 1221 1732 Pro·

116 1759 207 1808 amalo.
242 1759 399 1811 Emmenesa.
685 1757 741 1820 bus,
768 1757 881 1818 Servius,
912 1757 1070 1819 Priscianus,
1096 1756 1221 1821 Carislud,

151 1837 181 1882 lt
198 1835 329 1900 Quianam]
362 1838 394 1888 Iol
413 1845 462 1903 est,
480 1854 543 1890 eur:
569 1848 648 1892 eoem
684 1833 866 1885 Quintilianus.
899 1833 991 1883 Utitur
1002 1847 1033 1882 eo
1044 1840 1072 1883 et
1082 1832 1142 1884 AEn.
1153 1847 1181 1884 x.
1192 1837 1219 1886 b.

42 1920 45 1927 ·
116 1909 298 1975 interrogantis
307 1913 465 1978 adverbium,
477 1932 596 1982 quousoa
607 1926 648 1969 est
683 1903 834 1958 Ῑωὶῐᾶῐῑθΰὲ
840 1909 925 1969 Ennii:
933 1909 976 1974 ¹1⁰5
987 1908 1105 1960 ᾶῑῐῑΐῑῖἒ
1122 1908 1219 1962 ‘0⁰¹⁸-

119 1984 174 2045 bis:
201 1985 252 2049 bic,
272 1993 302 2036 et
322 1988 348 2036 in
370 1988 480 2052 decimo,
496 1992 646 2043 ‘coelicotae
684 1999 743 2034 nam
770 1984 847 2035 dietis
874 1985 969 2035 nostris
993 1985 1123 2037 sententia
1148 1985 1219 2038 flexa

117 2062 201 2124 uragni
213 2062 331 2127 quianam
344 2067 473 2116 sententia
483 2068 649 2119 vobiaVersa
684 2059 748 2111 «Μ’
773 2063 833 2113 Jov·
853 2062 995 2125 P⁰t¹t⁸¹¹⁸¹⁸‚
1006 2062 1032 2111 i¹¹
1050 2061 1138 2112 divino
1152 2061 1219 2128 Dit-

117 2139 213 2189 mroi'
245 2140 350 2194 δαείω.
684 2139 743 2203 logo
754 2138 835 2201 Actio,
845 2138 877 2187 de
889 2138 1010 2187 Numerio
1024 2137 1151 2200 Poiticis,
1161 2145 1218 2188 tne-

149 2218 356 2284 Heuiqut'anom]
372 2222 495 2272 Jovianua
506 2223 649 2286 Pomanus,
685 2222 728 2279 tut
746 2216 859 2278 quinum:
883 2212 1010 2262 eladdtl:
1035 2211 1097 2261 ‘Ad
1109 2219 1219 2275 metam,

115 2308 213 2342 summo
226 2295 264 2342 uir
280 2296 392 2358 iugenio,
401 2296 611 2361 eruditioneqne,
619 2306 647 2348 ut
684 2295 716 2344 ad
739 2295 863 2357 dolorem,
880 2293 913 2343 ad
932 2293 1005 2344 ducis
1024 2308 1114 2344 curam
1133 2295 1220 2361 expri-

117 2369 233 2418 omnibus
251 2371 335 2432 palam
347 2377 396 2430 est,
407 2371 610 2433 incomparabili,
622 2372 647 2420 in
684 2369 803 2420 mendam
814 2370 901 2433 coigit
914 2376 966 2420 tres
977 2369 1051 2419 simul
1063 2371 1219 2435 monosylla-

116 2444 183 2494 libro
196 2445 227 2493 de
240 2447 351 2494 numeris
361 2445 484 2508 Poiticis,
496 2448 582 2496 multis
593 2447 647 2511 qui·
684 2444 730 2494 bas
741 2445 884 2494 dictiones:
903 2444 1022 2494 submisit
1033 2443 1126 2494 deiude
1141 2445 1219 2510 sylla·

117 2518 176 2569 dem
188 2519 327 2569 rationibus
338 2521 473 2584 legendum
484 2537 539 2571 ease
550 2523 596 2571 iero
606 2525 647 2586 qui
684 2521 752 2582 bam,
767 2527 826 2584 post
842 2522 949 2570 alteram
963 2528 1041 2586 atque
1053 2521 1161 2572 alteram
1174 2521 1221 2572 tri-

116 2610 171 2644 aom
190 2597 395 2659 monosyllabicis
414 2596 570 2646 dictionibus
587 2599 645 2648 niti·
684 2596 818 2660 syllabam,
837 2595 975 2659 junxitque
995 2600 1120 2661 quattuor
1143 2597 1219 2647 simul

92 2678 160 2720 'tur
171 2671 324 2734 adprobare.
353 2670 460 2736 Aliquos
471 2687 533 2722 vero
544 2674 647 2724 codices
684 2669 826 2735 spondeov,'
835 2673 884 2719 bre.
900 2670 952 2720 Sed
962 2677 1054 2719 contra
1064 2670 1220 2734 Erythraeus

116 2746 213 2808 inrenl,
234 2747 258 2794 in
279 2746 370 2811 quibus
391 2749 465 2810 paulo
485 2749 588 2813 aequius
604 2749 647 2799 de·
684 2746 797 2795 animose
821 2746 930 2795 alternus
948 2743 1078 2808 defendit,
1096 2740 1218 2811 omas.

117 2829 187 2872 torto
198 2822 316 2871 dictionis
327 2837 397 2884 casu,
410 2839 456 2887 per
473 2824 648 2887 monosyllaba
685 2823 718 2874 Q.
737 2823 762 2872 d.
780 2824 837 2874 Quo
849 2821 953 2870 numine
964 2822 1025 2870 laeso
1037 2822 1123 2872 vuueri
1133 2823 1220 2874 Trois

116 2898 227 2960 legatur,
248 2898 291 2946 bea
310 2914 354 2960 quo
376 2914 438 2948 aum.
480 2899 511 2947 ln
537 2899 646 2964 quodam
684 2905 781 2948 tautam
800 2903 982 2960 tempestatem
1001 2898 1217 2950 commeruimus:

118 2974 179 3035 alio,
205 2975 262 3037 qaid
282 2990 343 3023 uum.
385 2975 437 3024 Sed
457 2976 523 3024 euim
541 2977 647 3026 Servius
683 2989 902 3041 quamnuuquam
920 2988 996 3038 spero
1014 2988 1054 3023 rue
1071 2988 1219 3040 evasurum,

115 3053 225 3117 namnum
234 3054 361 3116 agnoscit,
370 3063 397 3102 et
409 3053 433 3102 lu
444 3054 544 3103 decimo
555 3068 647 3103 servun-
683 3065 732 3100 uec
743 3052 764 3099 si
775 3051 851 3114 hujus
863 3049 898 3098 rvi
912 3055 1041 3099 auctorem
1053 3062 1081 3099 ae
1092 3049 1221 3116 iuppiter

114 3144 173 3179 nem
189 3131 332 3187 Ennianum
343 3145 399 3180 esse
411 3131 483 3180 dicit.
517 3131 645 3179 Vetustio·
683 3125 772 3176 faciut.
807 3121 884 3189 Ergo,
898 3126 970 3175 Teati
987 3126 1113 3175 ciuem:
1128 3122 1219 3178 ethera

116 3221 195 3271 raquo
204 3208 287 3256 omniu
303 3207 467 3271 euernplariu
484 3222 541 3271 quae
560 3206 647 3268 habui,
682 3203 757 3252 nimbi
779 3203 812 3251 ad
830 3202 1029 3266 magnitudinem
1051 3205 1220 3267 tempestati·

114 3283 224 3346 cumanus
252 3281 412 3345 trisyllabum
437 3283 536 3345 legunt.
578 3283 646 3331 Prie·
682 3278 876 3342 exprimendam
885 3277 1016 3341 pertinet:
1030 3277 1219 3343 quaiuaara,

116 3360 203 3410 cianus
215 3360 279 3407 libro
298 3361 329 3408 vie
346 3360 538 3409 constructione
556 3359 646 3422 primo,
683 3355 715 3404 ad
734 3355 791 3418 ejus
809 3355 952 3418 periculum
970 3353 1217 3404 demonstrandum:

114 3436 225 3498 quinum
243 3436 279 3483 ait
299 3436 482 3499 interrogative
501 3437 571 3497 poni,
588 3435 646 3483 Vir·
683 3447 762 3495 quare
780 3434 859 3481 etiam
879 3430 976 3493 subdit,
992 3431 1124 3492 ‘Quidve,
1142 3438 1219 3496 pater

116 3510 169 3573 gilii
183 3511 329 3558 testimonio
339 3510 398 3558 binc
411 3511 508 3559 citato:
525 3510 646 3573 idemque
684 3511 816 3574 Neptune,
836 3507 936 3572 parasi'
960 3511 1010 3557 dre.
1044 3507 1112 3557 Vide
1132 3508 1217 3572 ipsum

114 3584 268 3648 significare,
287 3586 355 3649 quod
366 3586 434 3648 apud
452 3586 559 3634 Graecos
575 3585 645 3634 brari.
683 3585 808 3649 pluribus.
844 3584 988 3634 Yoobutous.

114 3659 184 3712 Alibi
207 3676 268 3709 vero
296 3662 341 3724 ait,
365 3660 413 3723 vio
439 3660 645 3722 conjunctionem
716 3663 811 3726 Nimbi]
828 3661 970 3710 Pronubea.
1004 3660 1118 3711 Servius.

114 3740 241 3786 narrantem
262 3752 309 3800 per
334 3738 444 3799 quinorum
464 3751 645 3799 expressuma
715 3744 745 3787 15
765 3739 880 3800 Colligere
891 3753 957 3786 urruu
967 3736 1048 3799 jabet]
1080 3738 1217 3789 Velacou·

114 3815 232 3879 Virgilio,
249 3817 293 3864 beu
309 3814 501 3878 quiunnmtouti.
534 3814 568 3861 Et
580 3814 646 3879 quio·
683 3816 795 3877 trahere,
804 3829 854 3863 uon
867 3816 969 3878 penitus
980 3813 1121 3877 deponere.
1149 3816 1216 3866 Nam

115 3906 169 3940 som
187 3893 335 3941 adverbium
355 3899 473 3940 constare
493 3889 646 3951 Trionem,
683 3893 753 3956 dicit,
768 3892 965 3956 ‘Obliquatque
975 3890 1044 3939 sinus
1054 3889 1080 3939 in
1092 3892 1219 3944 ventum?

114 3968 163 4016 lroc
176 3970 231 4017 loco
244 3977 319 4029 teste,
329 3970 447 4019 Valerius
460 3969 560 4018 Probus
579 3984 646 4017 usse·
683 3971 758 4019 Idem.
813 4008 815 4012 Α

114 4045 149 4092 rit
168 4045 192 4092 iu
212 4046 311 4094 Artium
330 4047 463 4096 institutis.
514 4046 647 4107 Sosrputer
716 4046 776 4093 Coli.
786 4045 864 4108 armo]
878 4043 1039 4109 ¹Contralrere
1049 4044 1108 4092 uela
1119 4050 1147 4094 et
1158 4046 1216 4103 brt}

11 4180 15 4186 ,
116 4123 227 4171 Carisius
248 4126 290 4171 ubi
309 4127 418 4186 quiouum
438 4125 505 4171 iuter
523 4122 646 4171 adverbia
681 4122 756 4172 viuri.
790 4120 939 4171 Inritutlone
958 4120 1054 4170 Graeca
1074 4118 1224 4187 oixttjqui:

115 4197 291 4262 interrogandi
309 4207 436 4261 recenset,
451 4200 519 4248 bunc
537 4198 646 4248 eundem
682 4199 730 4249 bus
749 4197 813 4248 brun
829 4197 907 4249 etiam
926 4203 1088 4257 armamenta
1108 4202 1171 4246 aaut
1184 4203 1216 4246 et·
