2678 4694
118 329 206 394 3132
458 338 803 391 -uormvamonuu
822 340 861 388 ru

112 486 288 535 vSerranorum
306 484 422 546 emulus,
439 490 466 535 et
479 485 652 544 Camillorum,
690 481 980 535 civitatatemamerac
1007 482 1210 551 Hicposleacu
1262 536 1264 565 Ι

113 576 180 611 -cum
194 574 269 624 regas
285 559 385 622 stiram,
402 559 544 608 dissimulas
560 565 652 621 optare
690 557 844 608 Hannibalis
855 558 983 623 impetum
992 559 1211 627 ferreuou'ponrl,
1253 592 1264 640 ι

120 636 282 700 palmatami’
314 636 416 684 Servius
443 637 514 684 nnlla
541 635 652 684 historie
689 649 761 684 mora
779 649 836 685 enm
858 634 945 695 elusit,
960 641 989 686 et
1008 637 1044 686 ad
1064 636 1210 701 camp&
1246 668 1264 715 ,ἰ

120 709 172 762 ilde
194 710 294 770 scribit,
315 710 451 759 Serranum
476 717 593 758 vocatum
621 724 652 757 cx
690 713 788 761 traxit:
822 712 867 761 nbi
897 711 1001 762 deliciis
1036 710 1211 778 unuqu-

112 794 208 836 -aratro
233 788 265 834 acl
291 787 473 837 Dictaturam:
501 785 586 834 dicere
609 784 653 834 de·
691 785 756 834 sium
778 785 857 835 virtus
878 786 1025 850 obtorpuit.
1079 786 1210 837 Notou·
1250 822 1264 833 ..

114 865 229 927 bulrset,
245 865 277 914 ml
296 866 472 914 Consulatum.
507 863 564 912 Hoc
584 862 653 911 idem
691 868 731 909 est
742 860 775 909 (le
786 861 898 911 soerrnda
910 876 1024 925 persona
1036 862 1145 911 (lictum.
1159 860 1210 913 ’ΠΕ

121 954 213 1004 parum
225 949 301 988 canite
313 943 365 988 anis
376 939 531 1003 marginibus
551 937 654 986 addide-
690 944 777 985 autem
788 945 838 999 est,
853 937 948 1001 dequo
960 937 999 986 ait
1011 938 1123 1002 Ennius,
1136 936 1211 989 ‘U-
1250 974 1252 979 -

123 1023 184 1064 runt
204 1015 346 1074 Manutius,
357 1015 459 1077 aliique.
493 1014 612 1061 Fortasse
628 1013 654 1060 lri
692 1016 734 1079 qrri
753 1016 828 1066 nobis
848 1016 997 1066 cunctando
1017 1015 1137 1067 restitnit
1154 1014 1210 1066 ren!

121 1103 209 1139 omnes
221 1089 325 1152 decepti
338 1098 396 1138 suin
407 1091 538 1150 μνημονικᾷ
552 1087 653 1151 ὁμαρτή-
691 1090 780 1140 Sciens
792 1092 859 1140 enim
870 1091 993 1152 Virgilius
1003 1090 1081 1154 quasi
1091 1105 1136 1154 pro
1145 1102 1210 1139 cac*

116 1181 186 1224 para.
222 1165 288 1211 Nam
299 1163 410 1211 Serrano
426 1165 582 1223 attribuunt,
597 1177 654 1227 qnae
692 1166 737 1228 plo
747 1165 815 1214 lianc
827 1165 1040 1226 vcranmposuit.
1074 1164 1173 1216 Smin

123 1236 233 1286 Romani
254 1239 390 1301 scriptores
412 1240 475 1288 dant
493 1239 654 1288 Cincinnato.
726 1241 779 1297 an
792 1224 884 1301 susam
901 1241 990 1304 sopitis
1011 1241 1099 1307 Fabia]
1130 1242 1210 1293 ῙιΊι·
1254 1274 1264 1333 j

123 1311 176 1361 Hic
194 1314 262 1360 enim
281 1328 313 1361 cx
329 1320 416 1363 aratro
428 1315 538 1377 primum
549 1320 655 1362 vocatus
692 1330 767 1365 rnano
777 1316 877 1377 codice,
893 1332 938 1379 qao
953 1330 1066 1377 gressum
1084 1319 1166 1383 rap'a'a
1177 1316 1211 1365 h·

123 1389 209 1439 estad
221 1389 398 1452 Consulatum,
418 1390 511 1440 deinde
522 1389 555 1438 ad
566 1390 657 1440 Dicta·
693 1391 771 1441 betur
783 1407 789 1440 :
816 1399 844 1439 nt
855 1406 887 1439 cx
898 1391 948 1439 boc
960 1392 1044 1440 tacite
1055 1392 1090 1441 ecl
1102 1398 1211 1443 treeeuttt

123 1472 216 1516 tiaram.
251 1469 320 1531 Lege
332 1469 485 1531 Dionysium
497 1469 514 1517 1.
527 1481 554 1516 x.
566 1467 655 1532 Autiq.
693 1468 751 1516 illos
769 1466 883 1528 adludat,
894 1480 944 1514 una
960 1479 1052 1528 pugna
1069 1467 1210 1517 trucidator:

125 1549 153 1592 et
162 1543 287 1592 Senecam
299 1541 332 1591 de
344 1543 435 1591 bresit.
447 1543 525 1591 ritae:
551 1542 656 1591 etOro·
694 1542 765 1594 Quos
787 1556 875 1590 omnes
897 1540 931 1589 au
952 1540 1053 1590 bellum
1079 1543 1213 1604 misacam

76 1622 80 1627 '
123 1619 191 1667 aium
203 1631 233 1666 ιι.
246 1622 286 1667 12.
306 1627 333 1667 et
347 1617 499 1678 Eutropium
516 1617 565 1665 Ι.ι.
598 1618 656 1666 Ser·
695 1616 763 1693 apud
790 1616 913 1666 Ovidium
937 1623 987 1679 est,
1015 1617 1156 1668 ‘Abstulit
1177 1631 1215 1667 ιι
1260 1646 1264 1692 Ι

124 1705 200 1740 ranns
221 1699 329 1754 tantum,
346 1689 378 1739 ad
401 1690 578 1739 Consulatum.
619 1689 657 1740 Si·
695 1691 767 1740 dies!
810 1691 862 1741 Sed
884 1692 999 1742 elocutio
1030 1693 1086 1756 illa,
1113 1694 1216 1759 ‘ilapus

124 1766 178 1815 anili
190 1780 278 1816 errore
289 1766 421 1815 &sirenus
430 1764 578 1828 involvitur,
588 1766 657 1829 apud
695 1773 825 1830 gressum:
843 1767 946 1817 insolita
964 1768 1082 1831 ridetur,
1100 1770 1216 1834 magique

118 1856 202 1906 onem
214 1842 245 1890 1„
256 1842 392 1894 Quinctius
404 1841 572 1890 Cincinnatus
583 1855 658 1890 roca·
695 1843 793 1905 placet,
807 1846 815 1870 ‘
828 1843 888 1895 Quo
899 1841 993 1892 fessum
1010 1844 1119 1908 rapltls'
1136 1846 1217 1908 legare,
1262 1882 1264 1905 ,

125 1923 168 1966 tur
180 1931 212 1964 ex
225 1924 312 1965 aratro
320 1915 353 1964 ad
364 1916 548 1965 Consulatum:
573 1921 600 1965 ct
616 1916 658 1964 ad·
695 1923 725 1965 nt
736 1917 834 1968 variata
852 1918 878 1967 in
898 1919 1023 1968 orationis
1043 1918 1220 1985 μικιοῇμι

125 1990 164 2039 ott
192 1991 218 2040 id
246 1990 345 2040 t'aetum
374 1993 479 2041 Nerone
507 1991 658 2054 imperante,
696 1980 1221 2059 ioqriendi,nonnncbisemrancantoan
1261 2016 1264 2021 ·

126 2065 195 2131 quod
217 2064 318 2116 falsum.
362 2067 389 2117 Si
412 2067 469 2131 quis
491 2067 559 2115 euim
579 2066 659 2130 dicat,
696 2083 728 2116 ea
754 2071 948 2118 nomenclatura
969 2068 1132 2121 delassatam
1155 2070 1223 2131 ieret,

125 2143 194 2192 bunc
216 2142 292 2191 alium
312 2141 391 2192 fnisse
410 2143 601 2203 Cincinnatum,
616 2142 660 2190 vix
696 2157 785 2193 verum
805 2145 883 2194 etiam
901 2145 995 2194 lectori
1016 2146 1178 2198 cousuluisse
1194 2146 1223 2195 ri·

126 2220 241 2282 credam,
274 2218 429 2293 tacentium·
452 2218 507 2266 aliis
540 2218 659 2266 Romania
698 2218 797 2269 deatur.
830 2220 935 2269 Pierias.

126 2296 311 2361 Scriptoribns.
368 2297 498 2346 Ceterum
526 2294 659 2343 occasione
731 2294 784 2349 Quo
795 2295 888 2355 saraae
902 2295 990 2358 rapitis
1005 2295 1092 2360 rasis]
1126 2298 1226 2348 Plautus

126 2371 323 2435 bajospossem
344 2382 480 2418 excurrere
501 2367 534 2416 au
556 2369 660 2432 loquen-
698 2368 828 2418 lllenoech.
846 2372 923 2422 ‘Qun
933 2370 1028 2433 rapitis
1038 2374 1101 2422 me?
1124 2371 1227 2438 quoiat-

127 2447 190 2496 ‹lnm
211 2446 243 2495 cle
264 2448 312 2493 bao
332 2458 416 2492 rernm
438 2443 597 2508 frugalitate,
618 2460 661 2495 vo-
698 2442 809 2493 tismet'
844 2445 930 2493 Cerdo.
1262 2504 1264 2513 Ι

128 2528 206 2571 caute
217 2535 259 2569 me
272 2520 417 2583 occasione,
433 2534 492 2568 eum
510 2520 570 2569 olim
586 2534 661 2585 agros
730 2519 813 2583 Fabii]
846 2519 984 2570 Fabiorum
997 2519 1099 2571 familia
1117 2525 1151 2575 ab
1168 2524 1227 2575 iler-

128 2596 321 2646 honestissimos
341 2596 449 2660 quisque
467 2598 575 2645 coleret.
609 2596 660 2644 Sed
699 2594 815 2644 culeest.
849 2595 949 2643 Horum
968 2609 1056 2646 cccrr.
1074 2598 1148 2662 (uuo,
1158 2614 1227 2664 prop

120 2678 157 2725 ,to
178 2672 235 2735 lege
251 2685 328 2720 aurea
346 2671 423 2719 Plinii
437 2673 516 2721 verba
535 2685 615 2722 xrrn.
636 2677 660 2722 t.
699 2675 740 2718 ter
764 2676 880 2718 teneram
900 2670 983 2720 adbuc
1005 2673 1146 2735 pueritiam
1167 2674 1228 2725 doni

130 2746 661 2812 Columellaml.1.reirusticaeinpraefa.
699 2743 803 2804 relicto)
821 2744 846 2791 iu
865 2744 934 2793 bello
952 2752 1045 2794 contr!
1056 2748 1183 2811 Vejellless
1198 2748 1227 2797 &C

129 2824 209 2886 tione,
224 2823 405 2886 Symmachum
425 2835 476 2872 vir.
489 2829 528 2872 15.
562 2825 662 2876 Quibus
698 2816 803 2868 fluvium
816 2820 964 2869 Cremeram
976 2835 1028 2869 uno
1049 2825 1145 2886 praelio
1156 2825 1228 2874 cais·

130 2898 241 2963 adjunge
251 2901 335 2949 locum
344 2899 441 2948 Sidonii
449 2900 504 2963 Jam
513 2900 662 2965 indicatum,
697 2895 769 2944 sidiis
792 2894 926 2945 interfecti
946 2904 1004 2947 sum
1029 2913 1090 2948 cum
1113 2901 1229 2952 serrisct

128 2983 157 3025 et
169 2990 257 3026 versus
266 2976 328 3026 istos
341 2975 438 3024 Lucani
450 2976 468 3024 l.
481 2975 662 3039 1.‘qnondam
698 2970 837 3019 clientibus
846 2971 996 3034 conjuratis.
1022 2973 1228 3042 onc.:‘qaan

129 3051 195 3102 doro
205 3053 306 3101 sulcata
318 3049 419 3100 cantui
431 3051 551 3113 vomere,
561 3058 588 3100 et
600 3052 663 3100 anti·
700 3047 738 3096 vis
750 3046 870 3095 cecidere
884 3049 1005 3112 trecenti,
1017 3048 1080 3098 Non
1090 3066 1178 3103 omues
1188 3053 1228 3102 Fa·

131 3141 193 3191 quos
206 3128 337 3177 Curiorum
354 3139 429 3190 passa
448 3126 554 3190 ligones,
574 3127 663 3189 Longa
700 3121 754 3170 bios
764 3122 871 3171 abstulit
882 3134 932 3172 una
944 3123 1018 3174 dies!
1057 3126 1201 3179 ibahar.

130 3202 178 3251 sub
199 3203 294 3266 ignotis
312 3202 454 3253 extendere
472 3218 534 3253 rura
550 3203 663 3252 colonis!
735 3199 770 3246 lis
788 3200 917 3262 maxims]
955 3201 1014 3250 Hoc
1036 3203 1228 3266 cognouit.

131 3278 218 3328 Ceron
700 3275 781 3324 Fabio
801 3274 939 3338 prudentia
955 3280 1071 3342 peperit,
1086 3294 1139 3330 uon
1158 3280 1229 3331 necc-

162 3359 212 3404 816
230 3355 282 3409 Quo
294 3355 385 3414 sermm
399 3355 485 3417 rapitis
496 3355 580 3419 fatti]
611 3354 663 3404 Cor
700 3350 985 3416 simulacrumque
998 3357 1138 3406 etmultce.
1165 3358 1227 3420 me

131 3442 182 3488 ure,
201 3443 216 3476 o
237 3430 319 3490 Fabii,
337 3427 433 3477 sessum
445 3429 477 3478 ad
490 3438 600 3479 vestram
613 3437 663 3479 tra·
701 3427 802 3476 livium
814 3428 832 3475 l.
844 3442 883 3477 ιιι.
895 3427 928 3476 ad
940 3429 1033 3479 linem:
1056 3433 1095 3482 uti
1114 3446 1178 3482 vcro
1191 3445 1229 3494 ap·

130 3502 189 3551 bitis
204 3505 392 3553 narrationem?
415 3503 469 3554 Αιιῑ
488 3513 560 3556 certe
571 3506 664 3565 sessum
701 3509 776 3564 paret
784 3517 817 3551 ex
827 3502 917 3553 eodem
927 3504 999 3554 Liuio
1010 3507 1029 3555 l.
1043 3520 1112 3558 ux.
1125 3522 1175 3557 nou
1185 3505 1229 3571 pti·

131 3577 249 3627 tristem:
277 3588 314 3641 ut,
332 3580 401 3628 ‘Ter
414 3579 494 3629 sessus
512 3584 578 3630 valle
596 3598 663 3632 rese-
694 3586 755 3629 'nius
775 3596 808 3628 cx
827 3587 905 3642 geute
917 3596 963 3630 sua
973 3583 1068 3633 babuit
1080 3586 1129 3634 lmc
1145 3596 1230 3648 cogno

131 3652 187 3715 dit,'
203 3653 304 3703 scilicet
323 3661 431 3717 propter
442 3670 528 3705 corum
546 3668 665 3707 mortem.
700 3671 769 3717 men,
779 3656 824 3705 sed
837 3664 897 3706 ante
908 3658 979 3706 illum
990 3659 1044 3708 alii.
1074 3659 1160 3710 Verba
1170 3658 1230 3710 Livii

133 3728 201 3776 Nam
214 3729 323 3777 trecenti
343 3743 386 3777 sex
405 3729 510 3781 inerunt
522 3732 554 3781 cic
566 3749 615 3783 una
626 3734 663 3783 fa·
701 3738 777 3782 sunt:
803 3731 871 3780 ‘Vir
889 3739 961 3781 certe
980 3732 1075 3796 diguus
1093 3734 1146 3785 snit
1164 3742 1229 3785 tauta

132 3805 220 3866 milia3
249 3806 292 3870 qni
312 3806 441 3870 conjurati
460 3823 518 3858 cum
539 3812 619 3860 serris
636 3819 664 3861 ct
701 3805 1051 3868 cognomine,relsinovum
1071 3811 1107 3861 ab
1126 3824 1159 3863 eo
1176 3808 1230 3859 luci

132 3882 269 3932 clientibus
287 3884 439 3933 tuiscontrt
456 3885 580 3949 Vejentes
593 3888 664 3936 (limi-
702 3888 785 3945 Perti·
823 3882 960 3945 superavit
978 3891 1104 3946 patemo·
1121 3886 1230 3945 immi

133 3967 233 4021 caront,
254 3965 281 4007 et
303 3958 400 4009 insidiis
428 3961 494 4023 apnd
518 3962 664 4013 Cremeram
702 3957 786 4008 ”11⁰⁸
804 3957 926 4022 timii&
970 3958 1096 4011 Plufflm
1114 3959 1230 4021 *ἰθῒθῐῑῦι

133 4031 239 4083 ilurium
255 4034 405 4099 interempti
424 4043 493 4087 sunt.
527 4037 600 4087 Unus
611 4046 666 4087 tan·
703 4040 730 4084 et
756 4034 896 4099 majoribus
923 4034 1019 4099 psaltis
1044 4052 1110 4088 arus
1130 4034 1230 4100 insignis

134 4113 189 4156 tum
208 4109 336 4173 superfuit
353 4111 447 4160 Fabius
467 4113 605 4177 Maximus,
622 4115 665 4180 qni
704 4109 811 4159 Rullus:
834 4109 880 4160 secl
897 4109 982 4161 omnis
992 4126 1098 4178 aequare
1107 4126 1171 4163 uuus
1181 4111 1230 4159 lios·

136 4191 244 4247 propter
260 4191 375 4238 teneram
392 4188 476 4240 adbuc
487 4190 624 4255 pueritiam
640 4190 666 4241 in
695 4186 737 4238 -tis
756 4184 867 4236 Annibal
886 4186 995 4251 polest?
1033 4188 1088 4240 Hie
1110 4184 1230 4240 clarecit
