2678 4694
307 300 454 353 vinoso.
497 300 637 353 ιιιιιιι).
659 300 744 353 ιιιι.
997 284 1086 359 m

86 443 199 497 isacrl’
236 445 353 495 Iterum:
378 444 388 474 ‘
394 444 517 509 Dixerat,
554 444 729 496 innndoeims
739 442 851 509 regione.
884 443 971 494 cerdo
1047 439 1050 445 '

86 528 121 572 [ea
136 521 239 571 bicolor
259 534 318 570 cum
338 520 448 585 populos
464 535 517 570 um·
586 525 635 572 Μ
655 520 789 585 Vellenqse
799 519 1011 583 mamma
1023 523 1087 572 use

86 595 359 661 Adjuogoiimpyrlco
376 597 517 647 Pindarum
554 594 624 658 loni]
658 596 702 646 De
724 595 821 656 Baulis,
846 595 891 660 qul
916 595 979 645 dicti
1005 595 1086 651 veluti

86 707 93 722 .
116 686 154 721 vr.
174 671 261 731 oriols
280 671 352 722 θάλος
373 672 516 721 'ludiim
555 672 671 733 Boaulia,
690 679 736 721 aut
750 671 848 730 Boelia,
865 671 1029 733 corruptione
1041 686 1086 727 ro·

86 763 167 798 men
179 749 331 807 Amorem
350 748 473 797 videlicet
484 747 517 796 (ie
555 746 778 810 cebnli,rl‹ielicet
788 761 804 795 a
813 746 881 807 loco,
889 744 922 793 ad
932 758 1007 809 quem
1016 744 1086 801 Her·

86 838 104 871 ,e
125 824 239 872 nondum
263 825 330 873 Deo.
366 824 418 872 i)io
440 824 517 872 etiam
556 823 627 871 cules
654 823 781 885 compulit
800 820 879 870 bores
901 819 1029 882 Geryonis
1050 818 1086 872 etl

87 906 120 948 st.
131 899 205 949 Orat.
215 904 255 949 ³1.
267 900 292 947 lv
302 900 361 960 γοῦν
372 892 454 957 ilaus
463 899 518 947 Ἀι-
555 896 745 960 stabulacum,
769 897 826 960 lege
843 896 976 959 elegantes
996 906 1086 949 versos

86 974 193 1022 menni
213 993 257 1035 ro,
278 975 307 1023 ir
323 972 427 1037 iperiln
446 973 519 1035 perir
556 971 650 1034 Synrn.
663 972 746 1034 Epist.
758 977 814 1022 ι.1.
848 971 923 1020 Iden.

86 1049 364 1114 miciacensium
372 1055 519 1099 comeretur
588 1049 636 1095 2⁰5
652 1046 687 1095 At
703 1045 771 1106 faris
791 1045 850 1094 Coei
869 1045 944 1108 m]
975 1044 1029 1094 Pro
1047 1043 1087 1097 in·

86 1139 114 1172 sss
135 1126 265 1184 eueniant
283 1124 418 1175 Herculem.
452 1123 518 1173 iude
556 1120 817 1183 genrisceiere,ssrris
826 1134 917 1169 nomen
926 1119 1020 1183 posuit.
1043 1120 1087 1170 “s-

86 1199 183 1249 Lector
191 1198 295 1248 infinitis
304 1200 367 1248 iocis
377 1200 519 1257 Poetarum
556 1197 637 1259 pitale
648 1197 716 1245 enim
726 1198 824 1246 crimen
836 1197 904 1259 apud
913 1197 1025 1260 majores
1035 1195 1088 1249 ruit

86 1272 166 1324 labis.
201 1273 286 1324 Cerdo.
407 1321 409 1326 ,
556 1271 885 1336 autepoensmquadropil.
918 1269 1089 1336 sedhicqul·

86 1347 292 1411 omuelrccos'ctor
300 1348 397 1411 agebat]
423 1351 465 1398 De
477 1362 519 1397 eo-
555 1346 615 1395 ‹lsm
635 1345 668 1395 ab
687 1346 809 1395 Euandro
825 1352 948 1409 tauquam
964 1346 990 1394 ln
1010 1346 1088 1410 siege·

86 1424 186 1473 lercule
208 1425 235 1472 in
256 1425 336 1475 rioth.
354 1426 373 1475 l.
394 1439 432 1475 ιν.
460 1423 520 1481 flios
555 1420 977 1491 nerisirsudefurrrnappellatum
989 1422 1088 1473 uolunt.

93 1498 255 1564 lt'tpulelns.
287 1500 518 1550 Paconianum
555 1496 662 1548 Seruius.

93 1592 100 1626 τ
136 1575 220 1627 iiim
247 1580 295 1627 τῶν
324 1577 438 1642 γηρνόνον
457 1579 520 1634 Rois
555 1596 557 1599 ·
587 1572 700 1630 Alstirls
711 1569 937 1633 Cadmeffero]
968 1571 1029 1621 Non
1048 1572 1088 1623 in.

86 1650 148 1711 lior.
181 1655 240 1705 Quo
258 1653 337 1704 verbo
353 1661 381 1702 et
399 1652 476 1702 Pisto
493 1654 519 1701 in
556 1648 631 1697 ficior
647 1648 674 1696 ln
691 1648 806 1697 Romarm
825 1647 925 1709 codice,
943 1653 970 1696 et
984 1647 1088 1712 quibus·

86 1728 127 1777 roi
142 1727 256 1792 γηρνόνου
271 1726 380 1787 ἠλάσατο
395 1726 439 1775 ris
454 1727 519 1782 βοῦς.
557 1724 616 1773 dnm
647 1724 704 1772 aliis
731 1723 918 1772 recentioribus
945 1723 1089 1789 codicibus,

86 1802 147 1852 sitio
173 1802 278 1852 additur
299 1804 325 1851 in
353 1801 459 1853 Anthoi.
479 1815 519 1852 rr.
551 1800 700 1863 suriislegi.
728 1799 1089 1863 Sedenimenemplariaple·

86 1873 250 1939 liminaris.
283 1876 397 1940 Oppian.
410 1877 475 1938 Cyn.
487 1890 519 1927 ιι.
557 1891 637 1941 raqne
653 1881 765 1939 vetusta,
778 1889 839 1931 cuns
851 1874 972 1925 lilediceo
981 1881 1010 1925 et
1023 1875 1089 1925 Por·

93 1950 119 2015 δε
133 1950 256 2015 'Epoislon
289 1952 324 2000 Et
341 1952 453 2001 Philost.
472 1951 519 2001 rit.
558 1953 609 2015 cio,
618 1952 686 2012 susis
696 1952 802 2011 hebent,
813 1965 862 2014 qno
873 1951 1000 2003 vocabulo
1012 1966 1088 2016 quesn

86 2040 110 2078 u.
131 2028 151 2077 i.
172 2041 199 2076 v.
219 2026 340 2081 risiieir
363 2026 434 2076 ineo.
468 2026 521 2075 Dio
557 2031 668 2079 maxima
687 2029 840 2092 exprimitur
858 2028 1003 2086 ignominia.
1036 2030 1089 2079 Ne·

94 2100 172 2152 Orat.
184 2108 208 2154 8.
228 2102 272 2152 ris
285 2102 342 2158 licis
358 2102 475 2162 ἀπήλασε·
493 2109 521 2151 et
558 2119 609 2170 que
628 2105 696 2154 enirn
712 2102 847 2166 ignorabat
863 2102 996 2167 Virgilius,
1011 2117 1089 2167 qoam

86 2181 118 2229 li.
133 2174 177 2226 rit
192 2178 251 2232 sias
268 2179 382 2237 ὄφιίληο
397 2176 520 2242 moino.
558 2172 648 2232 serere
659 2181 719 2231 olim
730 2178 799 2242 sputi
809 2179 920 2236 Veteres
936 2176 1034 2225 {sirium
1045 2192 1091 2240 po·

86 2253 142 2303 listi
152 2253 293 2316 loquuntur
306 2250 339 2299 de
350 2249 477 2310 Hercule,
493 2259 521 2298 ct
557 2257 606 2302 utri
625 2258 727 2306 salitum
744 2260 821 2316 esset,
840 2266 968 2316 quamque
984 2250 1035 2300 leri
1055 2250 1089 2302 (ie

105 2329 178 2378 vario
204 2324 283 2376 flexu.
327 2326 405 2375 ovid.
432 2326 521 2374 ‘Ecce
559 2341 657 2389 caussa,
672 2327 714 2376 vel
722 2339 773 2375 ono
784 2326 863 2376 uerbo
872 2324 935 2376 furti
945 2326 1003 2390 quis
1014 2330 1090 2390 iirgu·
1131 2354 1132 2358 =

86 2402 145 2463 illoc
160 2400 317 2466 Erytheidas
332 2400 447 2467 applicat
466 2400 521 2451 He·
558 2411 655 2452 eretur.
688 2402 792 2465 Quippe
813 2402 835 2449 si
859 2403 1007 2464 jumentum
1032 2400 1088 2465 quis

86 2478 201 2543 Propert.
212 2491 251 2527 rr.
262 2475 521 2540 10.‘Ampi1itryoni·
559 2480 679 2528 aliorsum
701 2476 824 2539 luxisset,
846 2468 921 2540 quain
944 2492 994 2541 quo
1016 2484 1090 2530 nien·

86 2558 123 2619 'pru
141 2559 298 2617 tempestate
311 2553 440 2616 juvencos
456 2554 522 2616 Ege·
559 2553 620 2602 (ium
650 2550 803 2616 accepisset,
827 2558 872 2601 aot
893 2552 992 2613 longius
1013 2567 1090 2617 qum

86 2628 186 2690 tabulis,
198 2644 214 2677 o
227 2629 372 2692 Erythraeu,
381 2628 449 2678 tuis!
464 2630 504 2680 Ia.
560 2643 637 2694 quem
646 2627 765 2677 inlocum
776 2625 941 2690 petiissent).
950 2627 1013 2677 itero
1023 2629 1091 2680 Scre-

86 2704 121 2769 tr]
152 2704 286 2768 Perpetuo
296 2704 411 2768 epitheto
423 2704 522 2754 Hercu·
559 2705 618 2753 vola
634 2702 794 2764 declarante,
813 2701 907 2752 ‘Quod
927 2702 969 2752 cui
989 2718 1092 2755 servan·

86 2794 99 2830 s
115 2784 165 2840 cst,
179 2778 241 2843 quia
254 2779 340 2828 omnia
352 2778 472 2828 animalia
486 2778 522 2826 ri·
559 2779 619 2827 dum
631 2778 719 2828 datum
736 2783 792 2828 est:
814 2777 835 2826 si
850 2777 877 2827 ld
895 2792 954 2826 usus
971 2785 1020 2841 est,
1037 2779 1090 2829 sire

86 2852 332 2917 odiosequeotlbus
340 2852 441 2916 plenius
453 2852 521 2903 dice·
558 2852 628 2918 quod
652 2852 776 2902 utendum
796 2852 939 2915 acceperit,
960 2851 994 2900 ad
1013 2853 1090 2903 allam

86 2928 143 2979 lane
163 2928 196 2978 ile
218 2928 290 2978 caco
307 2927 465 2991 iuterempto
487 2927 521 2978 uls
559 2940 623 2990 rem,
639 2935 718 2992 atque
729 2926 878 2990 adceperat,
888 2940 947 2976 usus
961 2935 1012 2988 est,
1027 2928 1090 2978 For-

86 3006 118 3067 ie,
137 3011 190 3054 tem
207 3002 296 3054 Graeci
316 3019 393 3068 quam
415 3005 521 3054 Romani
559 2999 767 3065 tlseobiigasse.’
799 3001 935 3065 Multaque
944 3002 1092 3065 hujusmodi

86 3077 165 3129 stiunt.
197 3077 273 3127 Solus
293 3079 398 3128 Verrius
415 3080 522 3130 Flaccus
560 3086 613 3129 turn
625 3093 641 3126 a
651 3076 782 3138 Labeone,
799 3083 853 3126 tum
865 3091 881 3124 e
891 3076 986 3125 Sabino
997 3074 1092 3128 exami-

86 3153 210 3202 mrim
220 3152 300 3203 fuisse
312 3161 441 3218 putorem
455 3169 523 3218 mag·
559 3160 629 3214 nata,
646 3167 703 3219 quae
716 3161 861 3213 temporum
872 3152 974 3201 illorum
987 3151 1092 3218 integri·

104 3229 205 3293 virium
230 3231 285 3294 qui'
295 3231 393 3280 Cacum
414 3228 523 3294 adflixit,
560 3235 640 3279 tatem
651 3226 796 3277 ostendant.
828 3228 917 3279 Quere
927 3228 1031 3278 Servius
1042 3242 1090 3293 pro

91 3302 179 3354 sotem
190 3317 338 3367 magnarum
349 3305 440 3354 virium
453 3304 523 3369 apud
559 3305 658 3370 ingenti
675 3304 774 3354 sceiere
786 3301 854 3362 foris
870 3318 962 3352 nomen
978 3304 1091 3367 positum

86 3379 223 3431 sliercules
232 3378 327 3428 dictos.
359 3380 464 3429 Seruios.
561 3383 607 3433 eit.
641 3381 700 3432 Hoc
719 3394 779 3428 vero
798 3380 916 3429 loconon
929 3380 1091 3446 tamepitlle·

86 3455 125 3520 η]
157 3455 276 3506 Macrob.
291 3456 379 3505 Satur.
391 3470 435 3506 ιιι.
445 3462 470 3507 tl.
487 3470 524 3506 re·
561 3466 605 3509 ton
623 3457 664 3520 iili,
678 3461 791 3506 monstro
802 3455 934 3520 proprioru
946 3465 996 3521 est,
1014 3472 1091 3522 quam

86 3534 118 3584 rei
127 3533 161 3582 sd
173 3532 295 3583 victorius
306 3534 418 3582 omnium
430 3535 524 3583 anime·
561 3533 640 3584 etism
652 3533 773 3582 inseruire
785 3531 894 3593 tempori
903 3531 1013 3582 ridetur.
1022 3534 1091 3584 Pier.

86 3609 153 3660 unde
169 3609 258 3658 Roruae
273 3609 342 3658 aedes
358 3608 525 3658 dnaevrcro·
594 3610 634 3659 Ne
654 3608 710 3672 puio
730 3608 838 3657 ιἰιιιιωιιιιι
857 3611 909 3658 Ast
928 3609 1092 3674 introclusam,

87 3695 215 3735 nevers:
236 3684 278 3733 rel
289 3683 323 3732 ad
332 3683 461 3732 historiam
473 3686 525 3734 Oc·
561 3685 614 3748 irc]
624 3683 744 3735 ,iuniores
755 3684 899 3732 intentatum
909 3683 1033 3732 scribunt.
1056 3684 1091 3734 ln

86 3760 205 3821 lerennii,
222 3761 263 3824 qul
281 3759 419 3809 fortissime
435 3767 526 3810 contra
563 3761 679 3809 Romano
686 3758 785 3816 codice,
794 3760 855 3808 etin
865 3759 995 3818 Medicem
1005 3759 1092 3809 introc-

86 3850 132 3887 nes
143 3836 267 3899 pugnauit
279 3850 329 3899 ope
341 3834 471 3896 Herculis,
488 3843 526 3886 st·
563 3841 640 3884 ictum
649 3835 753 3897 legitur.
780 3836 846 3883 Nam
858 3840 981 3892 tractare,
992 3842 1019 3881 et
1031 3849 1092 3883 cou-

86 3910 133 3962 ileo
155 3912 214 3960 hnic
235 3912 294 3960 Deo
316 3910 397 3961 noem
415 3912 527 3961 sacravit
564 3918 689 3971 troclare,
700 3909 733 3959 de
744 3907 842 3957 turibus
854 3923 923 3973 saepe
935 3908 1034 3956 dictu·
1047 3908 1092 3958 ob·

86 3999 129 4038 w
139 3986 250 4036 nornine.
284 3986 400 4036 Adducit
411 3987 459 4035 iroc
469 3987 526 4034 ilia·
563 4000 658 4035 serves.
676 3984 775 4033 Solinus
786 4001 793 4033 :
810 3985 818 4012 ‘
828 3985 897 4032 Dum
908 3985 1092 4037 tractatorium

86 4064 120 4113 'ex
136 4061 261 4110 Masurio.
294 4061 326 4110 Ρ.
337 4060 429 4111 Victor
439 4061 526 4110 merni-
564 4077 604 4122 ea,
627 4074 684 4124 qure
706 4064 888 4109 concesserant
911 4059 936 4106 io
959 4059 1092 4113 Arcadum

86 4138 168 4191 ruiis
185 4139 299 4189 Victoris
314 4140 342 4188 iu
352 4137 409 4189 foro
424 4137 527 4200 Boario,
560 4138 631 4202 jorn,
640 4137 706 4188 duce
714 4137 830 4187 Hercule
838 4150 976 4202 oppressus
984 4137 1041 4190 est!
1053 4140 1093 4192 lrl.

86 4219 188 4286 upon
201 4221 335 4272 umens.
509 4219 576 4284 ung.
829 4278 834 4290 ,
956 4217 1027 4268 ron
