2678 4694
177 101 265 168 etto·
535 116 643 167 nonu
667 117 865 171 vanruuuu
891 119 929 165 tu

180 268 232 319 tur,
249 258 403 310 observante
421 259 542 312 Nobiiirs.
560 261 667 311 Heinslo
678 261 711 310 ad
750 260 906 309 Emmeness.

181 335 259 388 ovis.
280 336 388 386 Meum.
405 350 436 388 ιι.
447 340 503 387 642.
519 338 563 386 ubi
581 352 630 386 nou
646 338 710 386 nulii
783 335 865 385 Gerus
875 333 1109 399 superationem]
1125 336 1172 395 ut,
1189 336 1279 389 ‘Quos

180 410 286 460 codices
293 412 419 461 omittere
427 428 520 462 comm
531 428 576 475 pro
585 414 711 463 considere.
750 411 820 465 noua
830 410 942 473 fatigant
962 411 1065 474 Pristis,
1082 425 1130 461 uec
1148 413 1211 461 viati
1225 429 1281 477 pos·

180 487 240 536 Quo
266 486 346 534 verbo
373 487 451 536 etism
479 489 563 538 utitur
588 489 712 551 Apuleius
750 496 808 534 suut
821 486 948 536 absistere
958 485 1046 536 t'erro!
1079 486 1183 537 Serriu

181 561 290 616 Metam.
307 562 325 608 1.
338 576 398 611 vsu.
416 563 465 611 ‘sn
482 565 545 613 uuiti
563 565 644 626 scitis,
661 580 711 629 quo
782 562 975 624 insuperabiles
992 560 1098 623 iqfroem]
1115 562 1281 621 invincibiles

180 636 238 695 loco
258 637 424 686 comederitis
434 637 450 684 τ’
478 654 553 701 quam
574 639 711 688 lectionem
751 639 874 686 ostendit.
907 638 1019 697 labeni,
1040 637 1083 701 qui
1104 639 1157 686 suis
1178 638 1280 700 iegibus

179 711 258 762 etism
270 714 387 775 agnoseit
406 715 502 763 bluret.
515 731 569 765 var.
582 718 641 766 leet.
654 731 711 767 xtv.
750 714 875 775 virentes,
891 715 989 763 nollent
1000 714 1085 763 alieno
1102 714 1214 777 imper-iu
1223 714 1281 761 suh-

182 791 221 841 ll.
255 789 399 838 Emmeness.
746 789 843 852 jugari.
877 790 995 838 Donatus.

214 868 246 913 to
259 862 325 913 Hire
334 866 437 915 Getnioe
446 866 525 931 urbes]
538 868 578 916 Ad
588 877 711 917 terrorem
784 865 864 913 Graes
879 863 1045 926 insuperabile]
1063 865 1093 913 lu
1112 864 1229 913 Romano
1241 878 1283 913 eo·

181 939 249 987 urbes
261 940 354 1001 posuit.
373 942 440 990 Nam
452 943 478 990 iu
490 943 633 1007 mapalibus
643 945 712 994 bebi-
749 940 816 1003 dice,
830 955 905 1001 geues
914 941 1064 991 intractabile
1070 940 1177 1002 iegitur,
1186 954 1218 989 eo
1230 957 1282 989 mo·

180 1013 283 1073 tabunt.
316 1014 420 1066 Seruius.
748 1015 1282 1080 do,quoiniiineidospritnostSedtinea

217 1091 282 1138 Hinc
295 1092 395 1141 Goetrsloe
406 1093 485 1156 nrbes]
503 1096 632 1159 Exprimit
644 1097 712 1160 qood
750 1092 841 1156 Lybici
854 1107 934 1156 genus
946 1093 1110 1142 intractabile
1118 1093 1207 1142 bello!
1227 1094 1283 1141 hta·

178 1167 291 1217 obscure
308 1169 390 1219 dixit:
420 1173 547 1235 ‘quorum
566 1174 712 1223 consederis
748 1171 788 1233 gia
810 1179 895 1220 tamen
925 1171 1012 1233 piacet
1038 1171 1089 1231 hic,
1108 1170 1283 1233 ‘bropsrrbites

180 1244 269 1300 umis!
290 1246 355 1294 Post
366 1254 452 1298 autem
469 1251 549 1299 umba
560 1254 713 1314 necessaria,
749 1248 811 1311 quia
833 1248 913 1310 magis
931 1254 1012 1295 terret
1032 1245 1066 1295 ob
1087 1244 1282 1307 difficultateu13

185 1335 243 1383 quus
259 1323 375 1384 superius
397 1326 490 1386 posuit,
509 1327 582 1376 addit
601 1328 712 1378 faciendi
749 1323 954 1386 etpersuudetu
972 1323 1129 1371 necessitate
1146 1321 1224 1370 validi
1242 1323 1285 1370 ali·

182 1398 375 1458 necessitatem,
395 1399 563 1462 siuguiscum
581 1411 650 1452 utetu
663 1405 713 1453 dis·
750 1397 1109 1461 eujusauxitiicomperandi.
1143 1399 1250 1447 Pierius·

152 1496 155 1500 ⁴
184 1488 306 1523 currens:
323 1474 388 1525 dicit
399 1491 473 1540 ergo:
496 1478 555 1527 Nou
567 1479 713 1530 consideras
782 1480 812 1524 tt
835 1473 947 1537 iufroeni]
964 1474 1018 1524 Aut
1033 1475 1104 1536 saevi,
1121 1481 1148 1524 et
1167 1473 1284 1534 ferocem

184 1553 211 1601 te
231 1551 404 1613 peregrinam,
411 1555 462 1601 et'
457 1568 482 1602 m
494 1555 556 1603 ioris
573 1554 715 1618 peregrinis
750 1553 798 1600 stt
793 1565 847 1614 ipse
860 1553 1002 1612 routrario,
1018 1551 1074 1599 ‘Hi
1095 1549 1196 1599 frenum
1218 1550 1285 1600 acci·

179 1633 212 1677 te
229 1627 361 1691 imperium
380 1630 445 1682 velle
460 1629 579 1691 fundare,
590 1632 714 1681 etomnia
751 1628 838 1691 pere?
865 1638 909 1676 aut
932 1628 992 1692 quis
1020 1628 1094 1692 equit
1123 1626 1178 1677 sine
1209 1627 1284 1678 freno

182 1701 266 1760 initia,
281 1706 424 1766 praesertim
441 1706 551 1769 imperii,
567 1707 663 1755 babere
681 1709 714 1756 ia·
751 1713 866 1755 utuntur.
891 1706 1004 1754 Sunius

152 1844 156 1852 Ι
185 1778 273 1828 berem
290 1781 397 1830 domm?
420 1782 487 1845 quod
506 1781 714 1832 t'oeminaetsola
784 1783 1154 1846 Nnmidoeirsrrsr']Antsaevi:
1174 1789 1220 1832 sut
1222 1782 1284 1846 ,qui

179 1869 260 1919 pares
271 1856 359 1906 urbem
371 1855 488 1921 fundare,
498 1873 556 1907 curn
575 1860 713 1909 innumeros
750 1860 784 1910 oh
792 1858 942 1908 effrenatam
952 1859 1095 1915 eudociam,
1103 1872 1151 1907 nec
1159 1857 1290 1918 moribus,¹

180 1941 275 1995 gentes
293 1933 391 1996 possint
412 1942 438 1984 te
455 1950 546 1991 nisano
558 1951 663 1985 nrtntero
675 1952 715 1984 ur·
749 1951 799 1985 nee
813 1935 921 2000 iegibus,
936 1949 985 1983 uec
996 1934 1106 1997 imperio
1114 1933 1232 1996 cujusvis
1245 1948 1283 1981 re·

180 2008 254 2059 bium
264 2009 397 2072 infestare,
410 2027 466 2074 quse
478 2013 574 2061 viribus
586 2012 714 2064 etseroei·
749 2011 968 2075 gehanttir(Vide
988 2011 1045 2060 AEn.
1067 2025 1086 2059 t.
1105 2010 1283 2073 ‘Jastitieque

180 2092 239 2135 tate
250 2088 351 2136 vetent?
384 2088 499 2137 Donatus.
751 2088 823 2137 dedit
835 2095 925 2152 gentes
937 2086 1041 2136 t'rauare
1051 2086 1206 2149 superbus)
1224 2086 1286 2147 dut,

218 2164 330 2227 Goetstoe]
347 2163 377 2211 ln
390 2165 501 2229 antiquis
512 2166 609 2228 aliquot
621 2165 715 2215 codici-
748 2164 795 2227 ¹qui
805 2164 880 2228 equis
891 2164 946 2211 sine
956 2161 1029 2211 irruo
1036 2162 1193 2211 utebantur:
1205 2168 1285 2225 atque

180 2236 231 2287 bus
252 2238 356 2286 Gaetuiae
377 2254 435 2288 euru
455 2241 613 2305 diphthongo
632 2243 715 2305 primu
750 2239 799 2288 boo
811 2239 895 2289 verius
907 2247 956 2300 est,
972 2246 999 2287 et
1009 2238 1101 2287 Servio
1112 2237 1191 2284 etism
1213 2244 1285 2285 nota·

182 2314 282 2378 syllaba
299 2316 423 2379 scriptum
446 2317 588 2377 observavi,
611 2320 715 2368 Graeeo·
750 2322 815 2365 tum.
849 2315 920 2366 Qum
942 2322 970 2364 et
990 2314 1110 2362 ttstmtua
1131 2313 1162 2362 ad
1182 2313 1285 2372 Silium,

183 2404 240 2438 rum
251 2404 334 2441 more:
347 2392 415 2454 apud
423 2407 485 2455 quos
494 2395 617 2453 γαποῦλοι
625 2395 714 2456 Libya»
749 2400 780 2442 at
791 2389 917 2452 Giiaoius,
929 2399 957 2440 et
970 2390 1015 2440 Jo.
1027 2390 1119 2438 Letous
1134 2402 1167 2437 ex
1178 2390 1254 2438 Livio
1267 2391 1284 2438 t.

181 2466 714 2529 populi,permscribitur,iidem7amdhwr
751 2477 881 2520 mmet
900 2468 1022 2532 Oppiano
1038 2468 1056 2515 i.
1068 2481 1106 2515 tv.
1118 2473 1287 2530 annotarunt,

181 2540 347 2593 Artemidoro
360 2551 427 2592 suut.
463 2544 553 2593 Nostri
565 2559 611 2593 cur
622 2559 714 2594 nomen
752 2545 871 2594 Numidis
892 2558 972 2608 equos
997 2544 1055 2592 sine
1084 2540 1164 2591 t‘reuis
1194 2541 1284 2603 fuisse,

184 2619 233 2666 hoc
253 2617 350 2682 absque
371 2617 529 2683 diphthongo
556 2621 715 2684 scriptitent,
749 2619 903 2681 dxasboorb
921 2619 1093 2681 dxatodrovs.
1126 2618 1285 2667 Auctorem

180 2694 245 2743 auihi
264 2709 314 2743 uon
330 2702 447 2746 constat:
473 2711 557 2760 neque
576 2711 623 2746 eor
639 2713 713 2747 surus
750 2704 779 2747 et
813 2696 916 2758 suaso,
945 2695 1070 2745 Numidas
1104 2695 1281 2758 htassytosque

178 2772 217 2831 ,sit
229 2771 356 2822 Martialis
375 2772 483 2835 primam
495 2781 522 2821 et
534 2772 670 2821 secundam
688 2775 713 2821 iu
750 2788 829 2836 equos
840 2772 945 2829 habete,
961 2787 1025 2835 quos
1040 2772 1121 2832 virgo,
1138 2784 1189 2819 nou
1209 2769 1283 2819 freno

180 2849 231 2895 boc
249 2847 351 2896 nomine
367 2848 513 2909 corripere:
532 2861 675 2911 quanquam
688 2847 714 2896 iu
752 2851 904 2913 gubernent.
926 2847 1002 2896 Unde
1013 2847 1140 2896 Martialis
1151 2847 1168 2894 Ι.
1179 2859 1219 2895 rx.
1230 2847 1237 2873 ‘
1248 2848 1282 2895 Et

161 2922 269 2983 ,suedie
279 2939 293 2970 e
304 2936 411 2985 parvum
422 2937 454 2971 ex
466 2923 625 2986 diphthongo
636 2924 713 2986 abjici
752 2927 916 2989 Massyiaenm
936 2925 1009 2987 virga
1028 2925 1153 2987 gubernet
1170 2923 1283 2986 equum!

156 3047 161 3068 Ι
176 2995 284 3062 potest:
313 3007 341 3046 et
363 3014 388 3061 p,
407 2998 477 3062 quod
495 3002 521 3048 in
540 3013 556 3047 s
576 2998 645 3062 apud
668 3014 714 3048 nos
749 3002 840 3051 suas:
858 2998 948 3050 ‘Hine
960 3001 1052 3063 passim
1063 2999 1182 3048 exultant
1195 3000 1283 3047 Numi-

179 3075 291 3130 ,transire
317 3077 393 3138 rotet,
420 3089 452 3124 ee
478 3076 578 3125 ratione
603 3076 712 3139 corripi:
751 3077 801 3140 dss,
818 3073 1071 3139 geusneseiat‘reni,'
1088 3081 1137 3122 tte.
1174 3073 1247 3123 idem
1265 3074 1282 3122 Ι.

181 3151 403 3216 qnodcommunis
421 3151 491 3216 apud
502 3151 715 3202 Graeeosbebea·
750 3149 1183 3214 nr.‘1·:tdoctusvtrgoesontpes.’
1209 3150 1282 3198 Cian-

112 3287 117 3299 .
184 3238 240 3276 tur:
263 3228 290 3276 id
300 3243 349 3277 nou
361 3229 398 3277 ite
409 3220 512 3279 esetflt
528 3229 554 3276 in
572 3228 714 3292 priurasyi·
750 3230 858 3279 dianus:
887 3228 1012 3290 ‘sonipes
1032 3228 1134 3288 ignarus
1165 3224 1282 3275 hauenae.

180 3304 252 3364 iubs,
270 3304 291 3352 si
310 3304 398 3353 Grreci
417 3305 525 3357 codirea
539 3315 611 3353 recte
629 3320 674 3368 per
691 3323 714 3353 su
752 3305 926 3368 virgaregit?
960 3303 1105 3357 Μυκη

180 3385 369 3447 diphthongum
381 3399 436 3433 eam
448 3384 575 3433 scribunt
608 3384 713 3433 Pierius.
784 3381 902 3444 Cingunt]
930 3381 989 3433 Nou
1010 3378 1215 3442 adjunctisnnt,
1237 3378 1282 3426 sed

154 3515 159 3523 ‚
180 3460 284 3510 H·r'se
308 3461 411 3508 Goetsiae
429 3460 507 3521 nrbes]
531 3461 614 3509 loom
636 3462 714 3510 Mart.
749 3457 850 3519 cingunt
867 3457 939 3521 qussi
956 3454 1192 3515 ciranndant‚at,‘
1205 3455 1284 3518 cingi-

180 3537 576 3604 quiiibr.spsetee.13pigr.t.
597 3544 647 3596 est,
658 3551 714 3585 eor·
751 3549 801 3599 que
813 3535 902 3584 urbem
913 3532 1046 3582 obsidione
1058 3530 1173 3579 sidem
1206 3530 1275 3580 Seis.

182 3623 273 3678 ruptus
297 3621 351 3664 est:
380 3614 423 3661 nbi
446 3613 538 3661 traditu
557 3613 664 3661 Goetstie
680 3614 714 3663 ie·
785 3611 904 3674 Cingunt]
920 3599 1073 3671 Hoaipsum
1085 3607 1283 3669 cingnut,habet

180 3690 296 3753 gendum
308 3697 418 3738 censent
427 3688 524 3737 eruditi
538 3702 585 3751 pro
593 3690 713 3737 trudnotu.
750 3701 867 3751 magnam
876 3688 945 3734 viru.
958 3699 1017 3733 nam
1023 3684 1119 3745 ciuem
1126 3691 1167 3732 est
1176 3698 1217 3730 aar
1221 3684 1284 3743 hira,

182 3766 234 3816 Sed
245 3767 399 3815 varissiect.
410 3765 713 3815 annotavitCaiderinus.
750 3762 884 3814 otintiniti
903 3767 1078 3810 monstrentur
1097 3758 1194 3807 ini-ici
1212 3759 1284 3806 undi-

161 3856 164 3860 ’
182 3843 248 3890 Sunt
261 3850 356 3902 umen,
372 3840 417 3905 qui
435 3856 450 3890 a
468 3842 541 3890 Getis
551 3840 652 3891 fuciunt
668 3842 712 3889 Ge·
750 3853 818 3903 que:
835 3853 867 3887 ne
879 3837 1002 3902 peritios,
1018 3849 1084 3884 neve
1095 3835 1229 3896 atiamper
1240 3835 1286 3883 de·

180 3919 252 3980 tutus,
270 3933 317 3982 pro
336 3931 386 3981 qua
397 3917 526 3967 sententia
536 3924 589 3966 stat
600 3917 714 3967 Isidorus
751 3921 823 3965 serta
832 3913 924 3978 t'ugero
936 3912 1024 3975 possis.
1058 3913 1177 3960 Donatn.

182 3995 261 4055 ortr·
272 4009 311 4044 tx.
331 3999 356 4045 2.
367 4002 395 4046 et
406 3995 552 4061 Deusquiur
573 3995 598 4046 iu
614 3994 714 4045 Goetsti.
785 3991 919 4060 inhospita]
936 3989 1061 4052 Barbara,
1075 4001 1177 4052 aspera,
1193 3994 1221 4037 et
1235 3984 1283 4036 tie·
