2678 4694
196 329 285 397 6111
547 342 879 394 6016166106611
903 342 945 393 nr

199 500 346 556 parasseque
357 488 447 538 161616
465 484 585 551 Hispana
601 485 635 535 de
651 491 730 550 gente
766 485 849 538 Quam
867 483 903 535 66
920 498 976 534 rens
994 499 1011 534 6
1028 484 1167 536 Plutarch·
1184 486 1294 538 61666161

198 564 286 625 rudes,
308 563 455 629 Alpinaque
482 561 567 627 gesa!
610 564 654 614 De
680 575 730 627 qao
765 558 989 622 murdim
1004 561 1033 610 16
1047 560 1212 626 replum:
1235 563 1295 625 6611,

198 640 593 691 6161616666666166616.
605 643 631 690 6.
663 639 730 689 Sori-
766 637 898 688 61616611
908 645 1036 688 cerream
1071 639 1170 689 lierda.

199 715 312 766 bendum
328 723 414 766 autern
432 731 481 780 per
491 715 685 781 diphthongum,
701 721 747 781 61,
798 717 847 765 661
863 715 1037 777 lanigeraeque
1053 714 1148 778 spicer]
1180 716 1295 766 nimau

198 792 446 855 pstetexl’ollaoe,
463 791 606 854 culparis
623 789 732 855 estsipo
767 789 794 839 16
816 789 903 853 eapite
924 789 1020 853 pileum
1046 790 1237 853 haecomnia
1252 808 1295 856 qao

54 930 60 939 ·
126 870 132 875 “
199 865 362 930 6666616666.
396 869 538 918 ernesess.
600 889 603 893 ·
767 870 825 915 6161
851 863 938 913 616116
965 864 1039 928 virga
1065 864 1183 928 desuper
1209 867 1295 916 666666

232 946 281 992 ddi
306 943 389 1007 Gaea]
422 944 519 994 Hastss
535 944 631 994 viriles.
664 943 731 993 Nam
767 939 835 989 16666
849 938 956 1003 aliquid.
988 939 1066 992 Quod
1082 955 1146 990 rum
1164 950 1296 1005 perustus

200 1019 280 1067 stiam
293 1018 360 1067 viros
371 1018 452 1069 fortes
464 1019 732 1082 Galllgoeaosrooant.
768 1022 935 1080 6611616666
947 1023 1063 1078 possent,
1080 1015 1129 1067 filo
1148 1026 1247 1067 tantum
1263 1033 1297 1068 es·

201 1093 307 1145 &viu
751 1091 826 1156 pits
843 1090 951 1155 religare
963 1101 1112 1154 oeperunt.
1150 1094 1217 1142 liam
1233 1094 1296 1143 66616

205 1168 314 1218 Sulis
330 1171 418 1235 longo]
450 1171 502 1220 Per
520 1172 578 1234 hoo,
595 1185 733 1236 corporum
769 1169 874 1231 penitus
891 1183 935 1217 eos
951 1168 1297 1232 capitibosincederenefa

202 1243 349 1294 ostenditur
359 1247 517 1311 magnitudo,
525 1256 555 1297 ut
565 1263 651 1313 supra
658 1248 751 1297 ‘Sta-
769 1242 865 1293 foena
898 1244 974 1293 Unde
993 1259 1010 1292 6
1026 1244 1072 1293 iilo
1074 1260 1149 1309 ‚quo
1160 1246 1299 1306 61666616,

201 1320 265 1371 6661
275 1327 420 1392 tercentum
437 1324 535 1373 nitidi
528 1339 555 1373 ru
572 1323 733 1388 praesepibus
769 1317 886 1368 domines
904 1326 964 1368 sunt
984 1320 1060 1381 dieti,
1079 1323 1156 1385 quani
1176 1320 1299 1371 filamines.

203 1397 279 1447 altis!
311 1398 365 1449 Per
381 1399 449 1464 quod
467 1415 591 1464 equorum
606 1400 732 1464 nagalta.
769 1394 865 1443 Verum
876 1393 952 1445 166116
963 1394 1065 1456 (liebus,
1075 1395 1122 1446 filo
1134 1397 1299 1460 (1611116110,Ρὶ-

202 1472 290 1524 dinem
301 1476 438 1539 expressit.
470 1478 544 1526 Idem.
718 1488 723 1495 ·
768 1471 1212 1536 leaneeeueentsooiperequae
1220 1486 1300 1521 66666·

204 1568 207 1579 ·
236 1550 316 1600 Sertis
333 1551 421 1615 longis]
438 1550 565 1615 'clypeus
585 1558 613 1601 et
631 1556 732 1601 sentum
770 1546 831 1596 6616
842 1547 1153 1598 666666661666666661
1171 1546 1300 1597 sacerdotii

204 1635 379 1690 opponuntur,
398 1630 505 1692 clypeus
523 1629 589 1678 enim
609 1628 734 1677 rotundus
770 1623 936 1672 eminentiam
955 1624 1016 1672 6661
1033 1631 1159 1687 reperta:
1183 1624 1250 1673 sient
1265 1637 1301 1673 oo·

203 1709 253 1762 est,
263 1708 364 1752 sontum
376 1718 437 1752 sero
448 1703 537 1752 formae
548 1703 676 1766 oblongae,
683 1715 734 1752 616-
771 1698 864 1748 1616661
876 1697 1127 1748 mortnisnobilibns
1137 1713 1302 1763 superponun-

198 1777 415 1843 jnsqne·clypeo;
435 1788 463 1830 et
473 1785 564 1829 6661166
574 1780 663 1829 Greci
673 1781 734 1830 ltine
772 1781 815 1824 tur
826 1774 859 1824 ad
870 1774 1060 1825 ostendendum
1076 1788 1168 1823 eorum
1184 1775 1302 1824 6616666.

204 1852 368 1918 caprimum!
386 1854 483 1905 referat
493 1855 684 1904 similitudinem
696 1854 734 1903 lo-
772 1849 926 1899 11666661
943 1864 994 1898 non
1013 1857 1125 1912 propter
1142 1849 1301 1898 eminentiam

204 1928 355 1994 61666666
373 1930 501 1994 longiores
518 1939 587 1995 6661,
604 1946 679 1996 quam
699 1933 734 1981 la.
770 1925 903 1985 <limitatio
914 1926 962 1975 lsoo
974 1923 1093 1974 factum:
1120 1925 1167 1974 sed
1179 1925 1240 1989 quia
1250 1939 1303 1973 curs

204 2004 292 2066 tiores,
310 2006 430 2071 clypeum
442 2005 640 2058 lnieavocant.
672 2009 735 2057 'rm-
770 2000 947 2051 sacrificarent
965 2001 1037 2064 apud
1049 2002 1269 2061 Laurolsviniusn,
1279 2007 1303 2050 et

203 2079 264 2129 neb.
278 2086 369 2132 6621.
405 2083 547 2132 16666666.
763 2077 808 2126 eis
827 2084 889 2126 exta
907 2074 1061 2141 frequenter
1081 2092 1146 2127 ares
1169 2078 1203 2128 de
1221 2077 1304 2126 vicinis

236 2159 284 2205 666
312 2156 375 2220 Hic]
412 2158 444 2207 ln
466 2160 558 2208 eodem
578 2166 660 2209 scuto,
698 2158 735 2207 Et
770 2151 904 2202 venientes
919 2152 985 2201 loeis
995 2153 1161 2217 abriperent,
1171 2154 1305 2204 eminentis

205 2243 319 2295 congrue
336 2234 485 2284 sacerdotes
496 2235 583 2284 statim
600 2241 661 2298 post
670 2239 735 2285 tem·
770 2229 954 2291 virgarumeas
966 2235 1067 2278 terrere
1078 2230 1230 2279 voluerunt.
1261 2230 1306 2278 lix·

112 2338 118 2349 a
205 2307 450 2369 plaeommemorat.
483 2308 586 2357 Serrium
771 2303 832 2354 inde
844 2305 921 2354 etiarn
940 2305 1105 2354 consuetudo
1123 2306 1265 2370 permansit
1280 2311 1305 2353 ut

239 2383 305 2431 Hire
323 2385 476 2448 6666116616]
509 2385 540 2432 16
560 2384 670 2448 antiquis
692 2383 737 2433 ali·
772 2380 841 2443 apud
863 2379 1073 2430 Laurolauinium
1094 2380 1216 2444 ingentes
1236 2380 1306 2429 habe·

206 2458 494 2521 quinquiennium.
528 2461 587 2521 Hic,
597 2461 646 2509 hoc
658 2467 698 2510 ert
709 2460 736 2508 in
772 2461 832 2504 rent
849 2455 945 2518 virgas,
963 2468 1014 2504 666
1034 2455 1131 2505 breves
1148 2464 1180 2506 61
1196 2458 1224 2507 16
1240 2457 1306 2506 urbe·

206 2540 290 2594 sento,
300 2535 342 2582 vel
353 2534 379 2581 in
389 2535 438 2583 hae
450 2542 532 2598 parte.
565 2536 671 2584 Pierias.
774 2530 879 2579 demist.

239 2607 327 2670 Solios]
359 2609 410 2659 Qui
430 2610 531 2658 suntin
552 2610 635 2659 tutela
653 2608 737 2671 Jovis,
806 2606 885 2668 lapso
895 2605 981 2655 ancilia
991 2604 1061 2668 eolo]
1077 2606 1218 2670 Regnaute
1228 2607 1307 2658 Numa

206 2680 309 2741 Martis,
320 2682 430 2742 Quirini,
439 2683 503 2732 dieti
512 2685 583 2743 Salii,
592 2684 736 2748 ideo‚quod
774 2681 903 2744 Pompilio
915 2688 1016 2730 scutum
1028 2681 1110 2731 breve
1129 2690 1158 2731 et
1176 2683 1307 2733 rotandum

206 2755 278 2804 circa
289 2770 345 2804 aras
356 2757 450 2804 saliunt
461 2766 488 2804 et
500 2758 652 2819 tripudiant.
684 2758 737 2808 Alii
776 2758 841 2806 eoelo
853 2757 951 2818 lapsum
963 2763 1012 2805 est.
1046 2757 1166 2806 Etcum
1184 2759 1307 2822 aruspices

207 2829 401 2880 aSalioAEneae
421 2831 514 2879 comite
534 2832 617 2882 dictos
637 2834 737 2884 volunt.
775 2831 967 2895 respondissent
986 2830 1041 2879 illio
1062 2827 1120 2889 fdre
1143 2834 1217 2885 orbis
1237 2836 1307 2896 inspe-

207 2907 311 2956 Seruius.
776 2909 852 2971 rium,
863 2907 907 2956 ubi
922 2907 986 2956 illud
999 2905 1100 2968 fuisset,
1111 2908 1249 2975 diligentie
1260 2909 1307 2959 lla·

217 2982 504 3048 'NudosqueLispereos1
535 2984 600 3034 Cum
616 2984 641 3033 16
662 2983 738 3032 6666-
775 2999 873 3045 meme
885 2984 1039 3049 quaudoque
1051 2985 1086 3034 ab
1097 2987 1217 3038 hostibus
1228 2992 1306 3052 postet

207 3071 262 3106 rem
284 3058 369 3106 Panos
392 3059 602 3121 Lupercaliorum
625 3059 738 3108 66161666
776 3059 882 3122 auferri,
890 3059 1005 3108 adhibito
1016 3061 1149 3111 Mamurio
1160 3062 1244 3124 fabro,
1252 3061 1307 3111 mul·

208 3133 393 3194 celebraretur,
403 3147 499 3196 pecora
511 3135 683 3182 Romanorum
699 3148 754 3203 sir-⁵
777 3140 805 3183 16
824 3135 915 3183 similia
937 3133 1009 3183 iacta
1029 3144 1100 3195 snut,
1117 3147 1148 3187 et
1169 3139 1195 3186 16
1219 3136 1306 3200 templo

208 3208 265 3257 6116
285 3224 300 3257 6
322 3209 466 3259 latronibus
486 3215 562 3272 rapta
584 3217 660 3260 sunt:
693 3209 740 3268 illi,
776 3211 872 3259 Martis
894 3211 986 3259 locata.
1035 3211 1115 3262 Quod
1140 3221 1228 3263 autern
1252 3212 1307 3260 dicit

209 3284 333 3347 projectis
344 3285 467 3345 vestibus,
477 3285 588 3333 insecuti
599 3292 658 3333 6661
668 3301 674 3332 :
702 3286 739 3333 his
776 3287 872 3348 ancilia,
888 3285 980 3348 plurali
991 3286 1078 3334 utitur
1090 3302 1199 3339 numero
1211 3304 1256 3353 pro
1264 3289 1306 3337 siu·

207 3360 350 3409 latronibus
360 3362 490 3423 oppressis
510 3368 538 3410 et
556 3361 669 3425 receptis
687 3361 739 3410 661-
778 3364 869 3428 gulari.
901 3364 969 3413 Nam
981 3378 1061 3413 uuum
1074 3368 1178 3431 lapsum
1190 3376 1239 3418 est.
1266 3367 1307 3417 Ar·

206 3434 325 3496 malibus,
334 3444 443 3498 propter
455 3450 509 3484 rem
521 3435 618 3485 666616
631 3450 740 3500 propere
777 3440 821 3488 sile
833 3447 917 3489 autem
928 3438 1034 3502 dicitnr,
1047 3449 1096 3490 aut
1114 3443 1189 3505 quasi
1206 3443 1306 3506 undique

208 3508 275 3558 bene
295 3518 404 3573 gestam,
421 3513 581 3562 consuetudo
601 3514 741 3576 permansit
778 3515 966 3576 eircumeisum‚
982 3518 1113 3579 autquasi
1125 3517 1275 3580 inpigrum,
1284 3515 1305 3564 16

208 3586 666 3649 616661611661661666166161661.
700 3591 740 3637 16.
778 3597 817 3640 661
819 3589 1182 3654 ,66616661666161666666
1218 3598 1287 3645 laea

243 3663 369 3724 Nodosqre
381 3664 509 3727 Lupercos]
539 3665 591 3713 Sed
607 3663 741 3717 66166611
810 3665 917 3728 Aneilio]
949 3666 981 3714 lu
993 3667 1110 3732 antiquis
1121 3671 1307 3722 codicibusnss

208 3737 276 3787 Saus
287 3740 468 3790 commentatio
485 3741 585 3788 Servii:
612 3740 658 3789 sed
675 3726 742 3789 male
778 3755 812 3789 66
825 3739 938 3803 scriptis
946 3741 1034 3790 666116
1045 3745 1246 3810 6616166666
1256 3744 1308 3795 scri·

209 3814 353 3863 nuditatem
367 3815 449 3864 refert
470 3816 501 3864 ad
521 3826 606 3865 restes
618 3817 741 3879 abjectus.
779 3815 857 3866 61161.
890 3816 924 3865 Et
944 3816 1035 3865 eodem
1058 3829 1138 3882 pacto
1156 3821 1183 3870 in
1196 3819 1308 3872 Antonini

210 3890 303 3939 Non
283 3905 321 3938 sse
332 3901 386 3940 est:
404 3893 449 3939 sed
460 3892 568 3940 6661616
580 3900 639 3942 sunt
649 3901 743 3954 vestes,
780 3891 821 3941 Pii
843 3891 950 3943 nummis
970 3899 1091 3946 notatum
1109 3904 1160 3958 est,
1178 3897 1224 3946 661
1245 3904 1309 3947 teuta

209 3971 239 4014 et
250 3964 352 4025 cinctae,
370 3975 399 4014 ut
411 3968 555 4029 expeditius
567 3976 743 4031 sequerentur,
781 3968 831 4015 tria
852 3966 963 4028 oblonga
985 3970 1054 4017 orell
1081 3973 1266 4036 propemodum
1284 3969 1307 4019 fi·

211 4040 272 4089 1666
291 4040 409 4104 pedibus,
421 4043 500 4105 tibiis,
515 4042 655 4092 semoribus
674 4043 743 4111 nudi,
780 4057 845 4106 gnra
864 4043 1046 4107 lnqpiciuntur,
1066 4061 1128 4097 eum
1150 4049 1307 4114 inscriptione

211 4124 241 4162 ut
258 4116 527 4168 exhibentmarmora.
560 4119 638 4168 Unde
656 4119 690 4167 66
708 4118 744 4167 0-
781 4117 906 4184 Α661116.
938 4117 1047 4168 Pierias.

211 4188 265 4239 rid.
292 4192 410 4242 cinctuti:
449 4193 483 4245 ab
511 4195 595 4245 616116
621 4194 744 4246 moscii.
812 4200 861 4247 666
878 4196 1307 4262 5611166161]816616661161161.6“.
