2678 4694
112 309 201 378 6696
461 323 570 374 nora
592 322 796 373 vsaroausr
820 324 860 376 ne
1254 320 1257 349 ι

111 463 643 531 itoblmaqoitasbrtdrobiwet
680 458 1231 534 quamtamenet‘bolemsnmetfl'

113 546 191 608 idem,
207 548 290 608 στεῖχε
305 544 378 595 abab
395 547 440 594 rai
455 544 498 594 riv
514 543 641 609 maios·
680 544 764 595 sidera
784 546 888 596 norint!
926 545 979 596 Sed
1001 546 1109 610 vulgata
1129 538 1213 611 lusti,¹

113 627 149 683 et,
167 621 229 687 μόλῃ
251 624 316 682 θῦμα
335 621 430 682 τούμόν·
453 629 490 686 et,
508 619 644 686 βαρβάρους
681 614 1220 687 quaeestlergiorbicoosspasoeihermffl'

117 695 235 760 ἀφίξομαι.
270 699 410 747 Germanas.
681 697 776 759 placen
810 697 916 747 Pinias.

146 773 245 823 Asroeso
255 774 343 837 rnna]
364 773 499 822 virentia:
516 779 644 823 etestsa·
713 771 811 835 AEtier]
844 773 944 823 Putant
965 771 1082 838 qnidam,
1105 772 1207 823 Pser-

115 849 149 900 tis
166 859 326 914 usurpatum.
359 853 457 900 ΔΜ
473 855 568 912 auteur,
586 864 645 914 qnae
682 847 845 913 Anaxagorae
856 851 1020 912 senteutiam,
1038 851 1074 901 de
1091 864 1143 916 qno
1159 846 1209 900 ald

116 928 198 977 solnm
208 941 320 978 amorem
332 934 476 992 prestant:
494 928 545 988 vel,
560 935 589 976 nt
605 942 645 976 su·
683 925 753 988 rapu
769 940 789 975 r.
808 925 918 975 Aristot.
936 932 1066 990 secutum.
1082 926 1206 992 accedas

116 1017 165 1067 pra
181 1004 299 1066 diximus,
319 1004 390 1068 qussi
408 1004 511 1066 maasia,
529 1003 577 1052 lroc
596 1009 646 1067 est,
682 1000 793 1049 ώσω
809 1001 930 1065 preigne
946 1001 1071 1051 muudum
1087 1002 1206 1052 ambiente

114 1079 170 1129 sine
188 1078 285 1141 fractu,
304 1086 334 1129 ut
352 1079 436 1127 Varro
454 1086 482 1128 et
504 1079 647 1129 Carminius
684 1081 711 1125 et
732 1075 887 1141 complente,
909 1076 1068 1142 suffragante
1087 1079 1143 1141 illo,
1164 1078 1205 1129 ‘et

83 1146 91 1155 ’
117 1154 220 1205 docent.
261 1153 362 1203 llllndit
385 1160 471 1202 autem
497 1153 531 1203 ad
551 1154 647 1204 insulas
684 1157 1037 1221 lumineuestltPurpnrco.’
1064 1156 1204 1211 Allium

115 1229 267 1280 fortunatas.
285 1264 287 1268 ψ
302 1231 369 1280 Nam
382 1235 410 1280 et
420 1231 538 1294 sequenti
548 1231 597 1281 hoc
610 1231 646 1281 in·
683 1236 781 1284 malunt
790 1248 838 1299 pro
849 1235 903 1284 o's're
914 1234 1044 1298 accipere,
1061 1248 1095 1283 ex
1106 1232 1148 1289 iilo
1157 1230 1205 1282 sot:

116 1306 189 1355 dicat
201 1321 284 1357 versu.
308 1305 421 1355 Seruius.
684 1310 776 1360 ‘Aesis
789 1311 922 1374 inrumpis
935 1309 1017 1361 latis?
1035 1317 1066 1360 ut
1081 1306 1205 1360 mile

152 1381 247 1445 Virrio]
269 1382 300 1431 ln
319 1382 431 1447 antiquis
448 1381 648 1446 exemplaribus,
681 1400 826 1450 parpareusa
848 1385 977 1436 referatur
999 1384 1032 1434 sd
1055 1384 1206 1449 splendores

115 1458 205 1508 oirecto
223 1474 270 1522 per
285 1464 319 1521 ct,
335 1466 363 1508 et
379 1473 395 1507 a
411 1458 490 1508 viridi
505 1460 649 1509 aetncirec·
684 1461 750 1510 Solls
776 1467 804 1510 et
830 1461 1029 1511 illustrationem
1052 1460 1152 1526 myrti:
1172 1456 1207 1508 vet

117 1539 167 1582 taus
182 1534 321 1584 dictionem
338 1548 394 1584 esse
411 1534 580 1585 Grammatici
597 1542 649 1584 tra·
686 1537 840 1601 accipiatur,
855 1544 886 1587 ut
902 1539 958 1588 AEn.
970 1551 989 1586 ι.
1006 1538 1162 1601 ‘lumenque
1175 1533 1210 1598 lt·

119 1608 192 1661 deant.
226 1611 331 1660 Pierius.
686 1620 772 1663 ventre
785 1612 964 1677 Purpuream!
996 1611 1149 1677 thuldem
1161 1622 1209 1674 pv·

150 1689 200 1735 669
213 1686 589 1750 Forisaotorasaaemoramc]
606 1691 649 1739 De
683 1703 783 1752 paream
802 1702 848 1751 pro
867 1689 974 1752 pulchro
991 1687 1057 1749 dici,
1073 1687 1109 1736 ob
1127 1682 1209 1735 colosis

120 1762 218 1825 Campo
232 1762 330 1826 Elysio,
348 1762 390 1827 qul
407 1769 435 1811 et
453 1763 591 1813 Paradisus
607 1778 650 1813 ro·
686 1764 761 1814 istius
772 1764 957 1827 praestantiam,
974 1770 1049 1813 notat
1065 1761 1211 1813 etiamiar·

119 1843 204 1899 catur,
215 1837 288 1886 multi
299 1837 381 1886 nauita
391 1844 419 1886 et
435 1837 582 1887 admiranda
600 1846 651 1889 tra·
687 1839 747 1888 neb.
758 1852 863 1888 xxviro.
872 1843 915 1888 to.
939 1839 981 1888 lta
990 1837 1083 1888 Horat.
1095 1836 1139 1887 od.
1148 1838 1212 1887 ml.

119 1911 219 1962 didere.
252 1914 287 1963 Et
298 1913 390 1963 scribit
398 1915 577 1977 Tertullianus,
586 1917 650 1967 item
687 1914 847 1977 ‘Purpureos
854 1913 945 1964 olores’
954 1911 1212 1972 dixit3Albiuom

119 1988 216 2039 Euaeb.
233 1996 261 2038 et
278 1989 402 2053 irenaeus,
420 2005 478 2055 quae
498 1992 530 2041 de
549 1991 652 2056 luteris,
688 1992 790 2041 ‘nivem
806 1990 975 2055 purpuream?
1009 1988 1157 2039 ruam
1197 2008 1208 2017 ··

30 2057 34 2066 '
120 2067 175 2116 rita
186 2073 293 2131 aeterna,
305 2075 334 2117 et
351 2060 474 2118 Paradiso
486 2071 652 2120 commentust
721 2067 821 2116 lamiae
831 2066 913 2129 osmi]
938 2066 979 2115 Sic
991 2065 1120 2129 Apuleius
1131 2058 1215 2116 lib&
1240 2128 1243 2139 Ι

119 2149 180 2193 sust
199 2144 328 2207 Socrates,
346 2145 432 2209 Plato,
449 2146 553 2211 aliique,
570 2147 652 2210 plera·
688 2142 804 2192 Mundo:
827 2142 990 2193 ‘sinceriore
1010 2142 1145 2192 interdum
1163 2143 1215 2193 lass

121 2233 171 2283 que
193 2220 284 2268 hausta
305 2234 321 2268 e
343 2220 416 2269 libris
437 2220 601 2283 Propheticis
624 2227 652 2270 et
690 2219 801 2269 vestitor
809 2218 824 2268 :'
835 2219 873 2268 ita
883 2217 1004 2268 emendat
1012 2214 1218 2280 Colrinszvolssd

122 2302 200 2358 gente
218 2295 331 2346 ,iudaice
348 2295 381 2344 ad
400 2310 472 2345 saum
489 2309 590 2344 sensum
609 2297 652 2345 de·
689 2293 795 2357 legiter,
825 2294 933 2343 cmiter.
978 2290 1096 2342 Deieudi
1127 2296 1216 2356 potati.

121 2383 248 2432 pravasse.
282 2372 478 2419 Fortunatarum
502 2378 587 2420 tumen
611 2373 653 2421 ln·
689 2369 732 2418 Sic
744 2370 812 2418 enim
824 2369 876 2418 dici
893 2368 949 2433 quit
965 2369 1069 2417 emitur
1085 2370 1146 2431 lace,
1162 2375 1217 2418 uta

122 2445 233 2494 solarum
251 2445 390 2508 descriptio
409 2453 436 2493 et
453 2447 517 2495 situs
534 2446 653 2497 videatur
690 2446 809 2509 Virgilio,
835 2446 965 2495 ‘vescitur
990 2443 1071 2495 aura!
1113 2444 1216 2494 Redeat

124 2519 192 2582 apud
221 2521 318 2570 Mutet.
340 2534 366 2569 v.
393 2525 417 2569 l.
450 2523 550 2573 variar.
577 2525 652 2575 Lect.
691 2522 784 2573 Cicero
797 2523 824 2572 iu
835 2524 923 2573 Pliten.
943 2521 1218 2584 ‘Quamcumperpe

126 2593 269 2642 Mmt-
692 2606 737 2649 tuo
757 2600 862 2649 vestivit
881 2597 975 2646 lumine
994 2596 1093 2646 Titan!
1126 2597 1171 2646 De
1187 2597 1220 2644 la·
1244 2656 1247 2663 Ι

156 2675 205 2719 646
221 2671 325 2733 largior
335 2671 373 2719 bic
384 2688 477 2736 campos
491 2676 566 2725 oller
581 2683 605 2726 st
621 2679 655 2726 la·
691 2676 759 2724 miue
776 2675 921 2738 Elysiorum
937 2673 1038 2736 signate
1055 2671 1149 2721 scribit
1165 2672 1220 2720 Ple·

123 2748 266 2797 mimoenit
281 2749 412 2812 Puqmreo]
430 2752 489 2800 Nou
505 2759 591 2802 nostro
607 2755 656 2803 lar·
692 2754 796 2802 tarcbus
819 2752 852 2800 de
873 2764 931 2799 sera
950 2748 1084 2797 vindicta:
1112 2747 1158 2796 ubi
1179 2745 1219 2806 alt,

124 2825 189 2888 glor,
205 2825 251 2874 sed
263 2841 338 2890 quam
351 2829 427 2876 estin
446 2829 655 2880 caeteralnfero·
692 2831 792 2890 beatos,
809 2831 843 2890 τῷ
860 2826 920 2890 pori
937 2823 1085 2888 amensa
1105 2821 1220 2889 &repis

124 2915 181 2953 num
202 2909 286 2965 parte.
326 2902 381 2952 Aut
402 2918 493 2953 revera
512 2906 611 2969 largior,
632 2908 655 2956 si
691 2903 802 2969 qoaivp:
823 2902 948 2965 sagariis
964 2900 1050 2948 umiae
1069 2897 1221 2962 tuqui·

123 2978 251 3028 Lunarem
269 2979 391 3042 intelligis
409 2979 543 3030 circulum.
578 2982 655 3045 Nam,
692 2982 874 3046 tranquillitate.
918 2981 961 3028 De
982 2979 1031 3026 hoo
1050 2977 1150 3026 lumine
1167 2976 1221 3041 llly-

125 3061 250 3118 utsupra
269 3055 490 3119 diximus‚campi
509 3057 589 3122 Elysii
611 3067 656 3109 aut
693 3060 789 3109 siorum
816 3057 898 3107 multa
926 3056 1002 3104 Plato
1029 3053 1055 3102 in
1083 3052 1220 3102 Phaedone.

126 3133 195 3196 apud
208 3132 309 3182 inferos
321 3141 390 3196 suut,
407 3141 452 3183 ant
463 3134 490 3182 in
501 3134 589 3183 insulis
606 3133 656 3183 for·
695 3137 781 3184 Curio.

125 3210 230 3271 tunalis,
247 3218 292 3260 aut
307 3210 332 3259 in
351 3210 448 3259 Lunari
466 3213 572 3262 circulo.
607 3214 658 3263 Lu-
726 3211 825 3260 Lamiae
844 3209 929 3271 restit]
961 3206 1004 3256 Ita
1023 3206 1132 3255 Lueret.
1154 3205 1172 3253 l.
1192 3215 1221 3252 rt.

125 3300 213 3343 canus,
223 3287 298 3336 ‘Illic
310 3295 446 3352 postquam
456 3301 484 3336 se
495 3289 590 3338 lumine
600 3289 657 3338 vivo
694 3288 794 3340 ‘Ossam
811 3286 897 3335 subito
912 3285 995 3333 soleat
1010 3282 1054 3331 Sol
1073 3287 1147 3330 ortus
1163 3287 1222 3329 tem·

124 3361 232 3410 Induit!
263 3363 367 3412 Servius.
694 3378 757 3429 pore
776 3364 820 3412 tali
840 3360 989 3412 convestire
1005 3371 1050 3406 sua
1069 3355 1223 3422 perfundens

158 3441 275 3503 noges]
301 3442 551 3493 nicosienditnitut
568 3445 658 3495 deesse
695 3438 865 3489 omnialuce!
897 3435 995 3485 Auob-
1016 3434 1035 3482 ¹·
1053 3447 1074 3483 ¹·
1092 3432 1223 3482 ‘sium

127 3529 160 3563 ex
170 3514 209 3577 iis,
220 3530 277 3578 quae
295 3524 354 3564 sont
372 3518 441 3579 apud
459 3534 574 3583 superos,
593 3520 657 3570 adeo
694 3519 739 3567 Sol
751 3518 881 3582 princeps,
899 3515 972 3577 cujus
983 3512 1068 3561 omniu
1079 3513 1140 3560 luce
1151 3508 1224 3560 resti·

127 3596 155 3639 ut
166 3588 290 3640 fortunati
302 3600 330 3641 et
346 3592 416 3642 beati
432 3596 560 3658 appellari
575 3611 658 3646 meru·
694 3602 781 3655 untur,
804 3602 882 3658 atque
904 3588 1065 3641 animantur!
1108 3584 1223 3636 Tertulli-

126 3669 203 3719 erint.
238 3671 355 3720 Donatus.
564 3671 565 3674 ’
695 3685 774 3720 auus:
802 3669 963 3733 ‘AEqualitas
985 3663 1138 3714 circumfusi
1161 3660 1224 3711 siiris

159 3748 265 3810 largior
279 3749 317 3796 irie
333 3765 425 3812 compos
441 3750 515 3799 oetber
531 3755 555 3799 et
572 3753 659 3800 lamiae
696 3750 752 3814 pari
762 3749 819 3797 luce
830 3746 941 3796 vestiens
950 3741 1073 3807 angulos:
1094 3735 1224 3804 Talequld

125 3827 197 3875 uestit
214 3826 348 3889 Purpureo]
374 3828 405 3876 lu
417 3828 550 3878 codicibus
561 3830 659 3896 aliquot
696 3825 765 3876 forte
780 3824 907 3874 Prudent.
924 3823 950 3871 iu
967 3817 1116 3883 symmach.
1134 3812 1224 3866 ‘Unde

126 3892 238 3966 antiquis
249 3904 336 3969 leg'ere
345 3912 394 3968 est,
403 3906 494 3967 largior
505 3907 543 3955 bic
551 3924 661 3972 canipae:
696 3919 769 3969 seges
780 3905 832 3952 late
841 3901 939 3951 crinitis
949 3896 1060 3947 fluctuet
1069 3895 1149 3959 agris,
1161 3893 1225 3942 Des·

127 3978 187 4028 inde
203 3980 286 4029 altero
303 3981 427 4043 membro,
442 3983 517 4031 setim
533 3989 556 4032 et
573 3985 659 4033 lamiae
696 3985 747 4030 sius
758 3988 785 4030 et
803 3978 911 4042 gravidis
922 3992 950 4026 se
962 3973 1059 4023 vestiat
1070 3965 1225 4035 reqnorarit·

126 4056 196 4103 nestit
213 4057 344 4120 Purpureo.
379 4059 410 4107 In
427 4060 580 4124 quibusdam
596 4062 659 4123 aliis,
698 4060 749 4111 tis!
781 4054 964 4108 sicetGrasci
981 4047 1226 4113 mirandam*

126 4130 218 4190 ¹⁰''81'0r
238 4132 277 4182 hic
297 4135 341 4183 air
361 4151 469 4198 compos:
492 4137 561 4201 quod
584 4138 659 4188 ueriti
695 4136 859 4188 ramdicnnt.
895 4131 1039 4182 racemus.
1211 4132 1224 4161 ·'

128 4212 187 4255 ‘¹¹¹¹‘
213 4222 309 4270 illinere
337 4211 437 4260 AEtiero
462 4211 529 4278 apud
555 4212 659 4280 inform,
728 4216 775 4262 till
793 4207 927 4274 Purpureo]
955 4207 1011 4256 Dat
1027 4205 1098 4254 buno
1115 4196 1224 4254 eules!
