2678 4694
24 314 45 389 .'
65 310 184 407 pm
452 335 561 383 rora
584 333 787 383 varroauss
810 334 852 383 ιιι

4 472 11 487 ’
95 472 225 542 doctrina,
244 477 559 544 qneputsbantveleres,
578 478 627 528 Co·
663 478 696 528 de
713 479 849 541 Narcisso,
867 479 905 528 ita
923 479 977 528 ait-t
995 478 1116 544 ‘lieqoid
1137 493 1195 530 ron

96 563 186 620 eytum
208 557 351 621 ingentium
372 554 437 605 fietu
459 563 488 605 et
508 555 627 619 lacrymis
663 563 758 604 vestrm
769 563 929 617 rotarentur
945 556 1042 605 aaronis
1058 550 1129 619 vilar,
1145 557 1195 609 Qui

96 635 250 685 inerescere.
284 634 349 683 lude
360 634 445 696 esrupi
453 634 533 696 juxta
544 633 628 695 Cocy-
663 631 701 681 sic
714 632 921 696 tabuerit,longo
927 632 1080 682 meministis
1089 632 1196 685 interd

97 711 117 760 ti
129 711 211 775 ripam
222 711 363 772 ‘lugentes’
373 710 447 759 dieti.
472 710 628 759 Claudianus
667 711 753 758 Cerdo.

96 786 178 850 Rapt.
190 798 210 836 r.
222 787 339 835 alludens
351 785 383 835 ad
395 786 461 835 lasne
474 800 538 847 reis,
549 785 628 845 dixit,
698 783 763 833 Tabe
780 785 885 849 perdit]
916 784 992 834 Unde
1012 786 1149 850 eleganter
1168 786 1201 836 ia-

95 861 201 925 ‘presso
230 862 401 926 lacrymarum
415 876 417 881 ·
431 860 502 910 sonte
530 861 628 910 resedit
665 859 756 923 Epigr.
768 861 816 908 Gr.
828 859 883 923 iper
893 859 1025 923 γυιοβόροι,
1042 876 1070 925 q.
1082 861 1195 912 membre

96 937 226 1002 Cocytus!
243 947 272 987 et
282 938 307 986 in
320 936 389 987 Ruff.
401 939 418 986 Ι.
430 951 460 986 ιι.
478 941 486 966 ‘
498 939 545 987 Est
557 940 628 987 loeus
664 936 780 999 eorporis
790 936 932 998 depeream
943 943 1060 985 roeator.
1088 938 1130 986 lta
1139 937 1192 989 AEa.

96 1013 224 1077 infaustis,
243 1031 295 1079 quo
313 1014 483 1063 conciliantur
503 1014 528 1061 in
550 1028 627 1062 uuum
664 1026 702 1062 ιν.
730 1013 788 1062 ‘est
817 1015 898 1063 mollis
925 1013 1029 1063 damme
1055 1013 1192 1065 medellas!

96 1091 210 1154 Cocytus
224 1091 428 1153 Phlegetonque‚
439 1090 513 1138 vadis
524 1090 628 1140 insmoe·
666 1090 810 1139 raonem.

95 1181 143 1216 nus
154 1175 265 1231 uterque
276 1166 381 1229 Alveos',
395 1168 436 1216 bie
449 1168 528 1217 volvit
543 1170 627 1232 lsery·
696 1169 745 1215 443
757 1166 846 1214 Seeretr'
858 1167 934 1215 celest
944 1166 1027 1231 colles]
1043 1166 1192 1217 Amantibns

95 1257 159 1306 mas,
180 1242 222 1292 bio
244 1245 303 1307 igne
325 1243 472 1293 redundat!
512 1244 587 1293 silius
609 1245 628 1295 l.
664 1243 792 1304 congruit.
825 1243 930 1292 Senias.

96 1330 159 1368 xus.
180 1319 309 1368 ‘Ultimus
326 1320 438 1382 erumpit
456 1320 626 1383 laerymarum
695 1318 801 1381 Seresti]
823 1322 874 1368 Per
883 1324 984 1368 wodor
993 1319 1195 1385 intelligent

95 1391 211 1443 lontibm
230 1395 320 1455 amnis,
347 1396 416 1444 Ante
435 1397 528 1456 aulam,
549 1402 626 1460 atque
663 1395 714 1443 dito
725 1396 863 1444 multatos
874 1402 918 1444 aut
930 1401 1060 1458 soporatos.
1079 1398 1185 1447 *Donat

96 1468 190 1530 aditio,
208 1480 237 1522 et
253 1472 411 1522 inexorabile
429 1474 524 1523 limen!
561 1472 627 1522 Inde
697 1470 960 1535 Secretieeioeteolles]
974 1469 1115 1535 nepteo.
1131 1473 1194 1524 Nu

96 1547 139 1598 bic
159 1547 253 1598 fluvius
274 1544 359 1599 ‹liotru
382 1551 496 1614 Cocytus
516 1550 580 1613 rapi
598 1550 628 1598 rb
664 1556 780 1597 amantes
791 1549 817 1596 iu
835 1548 938 1598 occulto
954 1549 1109 1613 plerumque
1123 1558 1196 1600 etse·

94 1623 184 1683 nmio,
200 1633 228 1676 et
237 1625 341 1688 medio,
357 1626 383 1674 id
395 1635 443 1686 est,
454 1627 538 1690 lugeo.
573 1628 627 1675 Fir·
665 1640 738 1674 cesso
749 1633 868 1674 constare
881 1634 908 1674 et
920 1622 1083 1674 confabulari
1100 1627 1193 1678 eoleotr

97 1710 151 1750 mat
173 1703 239 1752 bane
261 1717 314 1752 rem
338 1703 469 1752 contraria
491 1704 626 1754 sententia
666 1702 706 1751 vel
736 1701 827 1751 alludit
853 1701 885 1749 ad
911 1701 999 1749 domos
1023 1703 1196 1767 meretricum,

95 1776 225 1827 Pindarus
237 1779 305 1827 enim
322 1777 392 1841 apud
408 1779 584 1841 Plutarchum,
601 1781 627 1829 in
666 1793 723 1842 qnae
747 1776 802 1826 fere
825 1778 851 1826 in
869 1776 1049 1841 angiportibus
1068 1778 1195 1829 habitant.

95 1860 218 1916 tractatu,
239 1869 272 1903 an
292 1862 365 1903 recte
386 1855 484 1906 dietum
505 1858 548 1920 sit,
568 1857 629 1908 trite
667 1854 731 1904 Hor.
752 1867 774 1910 ι.
792 1859 834 1905 25.
856 1853 989 1903 ‘Invicem
1009 1855 1124 1904 moeebos
1137 1868 1197 1905 anes

95 1928 192 1990 βιόσαι,
207 1929 251 1977 ubl
263 1929 388 1979 describit
400 1931 474 1980 sedes
486 1931 629 1996 bearorum,
666 1936 819 1992 arroganter
831 1930 926 1991 Flebis,
937 1930 962 1977 in
980 1930 1035 1979 solo
1052 1931 1118 1980 levis
1132 1930 1198 1994 eagi-

94 2007 162 2054 iuler
178 2006 230 2054 alia
244 2007 298 2056 ait:
317 2005 446 2056 suberat
456 2008 630 2070 rornpoiroer
665 2007 761 2072 portu!
797 2007 942 2056 Toubmoan.

94 2080 224 2129 ἄκλαυστοι
235 2082 274 2130 roi
284 2085 344 2132 λεῖοι
353 2082 498 2147 tripleuri:
512 2087 629 2150 Comperta
699 2083 798 2146 Myrtea
807 2084 878 2147 sileo]
900 2082 967 2133 Quae
979 2091 1020 2132 eti
1030 2083 1130 2134 Veneri
1142 2098 1196 2135 toll·

92 2155 214 2218 perfluant
224 2157 298 2221 florii
314 2161 409 2222 paidom
419 2160 495 2223 fletae
511 2163 591 2223 igam
602 2177 631 2211 ae
667 2166 777 2231 seprsta
811 2159 915 2207 Seruius.

93 2235 170 2282 loeoes.
204 2232 247 2282 Ab
266 2235 357 2284 eodem
377 2234 500 2299 inopere
518 2235 630 2286 deorbe
699 2238 747 2283 444
769 2235 840 2283 Caroe
857 2249 903 2282 ros
920 2236 973 2296 ipro
990 2235 1017 2283 ιἰι
1035 2241 1112 2285 morte
1129 2236 1204 2286 reiis-¹

95 2308 175 2356 Lunae
193 2308 351 2358 inducuntur
362 2310 452 2357 animm
469 2311 494 2357 ln
512 2310 551 2359 his
565 2310 629 2360 loeis
665 2308 752 2372 quent]
770 2310 828 2358 Hoc
840 2318 888 2371 est,
899 2311 979 2359 etism
991 2310 1045 2360 illie
1058 2319 1155 2373 amasi,
1170 2316 1196 2360 et

97 2382 240 2445 ὀδυρόμενα,
250 2385 412 2432 lamentantes.
445 2385 538 2433 Cerda.
666 2385 762 2434 babent
777 2393 941 2449 peractorum
960 2386 1099 2448 imaginem
1115 2385 1197 2436 triari-

127 2463 175 2506 m
192 2460 275 2506 Drtnu
285 2461 362 2521 nour]
381 2458 500 2520 Immitis,
511 2459 628 2509 inexora-
664 2475 724 2509 num
734 2477 740 2508 :
752 2462 821 2509 siout
832 2461 908 2510 etiarn
921 2462 952 2507 de
964 2461 1013 2524 piis
1023 2461 1197 2523 dictumest,

95 2534 163 2582 bilis.
196 2534 301 2582 Senias.
663 2537 746 2587 ‘Quae
766 2537 851 2599 gratis
868 2551 989 2585 curruum
1008 2535 1196 2602 Armonunqoe

130 2613 178 2661 Hie
188 2627 244 2676 paor
252 2615 324 2661 duras
333 2613 411 2676 maor]
433 2617 472 2664 Ex
484 2615 628 2699 imitatione
663 2611 798 2673 fulevius,
813 2628 871 2676 quse
883 2626 945 2661 eura
957 2612 1072 2662 nitentes
1085 2613 1196 2662 Pascere

98 2687 215 2747 Homeri,
238 2688 281 2751 qui
303 2689 447 2738 amantibus
469 2691 627 2754 peculiarem
664 2702 752 2752 equos,
763 2689 854 2737 eadem
871 2689 989 2752 sequitur
1000 2688 1095 2738 tellure
1114 2704 1197 2754 repos-

94 2765 179 2813 loeom
193 2765 304 2828 assignat
318 2764 626 2830 ininferno,0dyss.x1.
665 2764 723 2813 tos.'
756 2765 823 2813 Sane
838 2765 978 2827 sciendum,
995 2765 1195 2816 utdixisnosss·

95 2838 190 2903 Νύμφαι
206 2841 237 2902 ι’,
252 2839 325 2898 ἠΐθεοι
335 2858 363 2889 τε
378 2840 526 2899 πολύτλητοί
540 2861 569 2891 re
586 2841 627 2904 γὲ
664 2854 720 2903 pra,
737 2840 806 2904 loqui
827 2855 885 2889 enm
905 2839 937 2888 de
958 2854 1045 2888 amore
1064 2842 1194 2904 generali:

94 2933 183 2979 ροντες,
199 2917 339 2980 llopdesmai
354 2918 375 2965 r*
393 2917 489 2979 ἀταλαὶ,
503 2917 627 2968 νεοπενθέα
663 2917 731 2966 sicut
744 2918 823 2965 etiam
841 2917 918 2966 Plato
936 2916 962 2965 in
980 2917 1119 2980 Symposio
1130 2923 1199 2968 arao·

93 2993 165 3053 θυμὸν
181 2994 296 3055 ἔχουσαι
318 2994 467 3058 ripensem
478 2996 626 3059 juvenesque,
664 3000 712 3043 tat.
746 2994 818 3042 Nihil
836 2995 903 3043 enirn
923 2992 1041 3053 interest,
1059 2995 1122 3058 quid
1143 2995 1195 3059 quit

92 3075 116 3117 et
136 3072 214 3119 multo
239 3071 305 3135 possi
328 3085 402 3131 serres,
428 3070 626 3134 Virgusesloepue
663 3077 741 3131 amet,
750 3070 887 3119 dummodo
897 3084 983 3119 amore
994 3077 1126 3120 teneatur.
1144 3073 1195 3121 No·

91 3147 182 3194 tenelle
192 3161 249 3195 soro
260 3149 324 3195 loeta
335 3146 448 3211 affictum
461 3148 565 3196 animm
583 3148 625 3198 lra-
663 3146 769 3195 tondum
787 3145 866 3194 etiam
883 3148 953 3209 (nam
966 3159 1052 3193 rarum
1064 3146 1120 3207 est)
1137 3147 1195 3211 qnia

91 3222 179 3270 beuter.
212 3224 305 3272 Cerdo.
662 3237 721 3272 eum
734 3223 877 3271 masculino
889 3234 983 3285 genere
995 3235 1075 3282 supra
1087 3223 1195 3284 ransart,

16 3345 19 3353 ,
126 3299 190 3349 Tube
213 3299 317 3362 peredit]
350 3300 466 3364 Corpore
493 3298 624 3351 defluente
662 3307 700 3357 ut,
721 3300 790 3348 ‘Hie
810 3312 873 3362 quos
890 3299 968 3346 durus
984 3298 1075 3359 smor‚’
1095 3306 1193 3349 tantum

92 3375 225 3436 paulatim.
259 3375 363 3425 Seruios.
662 3375 824 3424 foeminarom
861 3374 935 3438 pouit
965 3375 1105 3438 exempla:
1146 3390 1194 3426 non

126 3450 236 3513 Peredit]
266 3451 296 3498 ln
318 3450 505 3515 antiquioribus
527 3450 625 3515 aliquot
662 3450 731 3515 qood
752 3451 836 3499 desint
856 3451 921 3510 viri3
942 3450 988 3498 sed
1008 3451 1089 3514 elegit
1106 3466 1194 3501 sexum

92 3526 292 3588 exemplaribus,
306 3527 408 3588 peremit
424 3527 535 3590 legitur:
554 3526 624 3591 qood
659 3529 837 3592 impatientem
862 3529 894 3577 ad
916 3527 1062 3577 amandum.
1096 3529 1195 3578 Tamen

92 3599 196 3649 minime
206 3601 302 3662 placet,
313 3615 391 3664 quom
400 3602 492 3664 peredit
499 3600 559 3650 ideo
568 3617 625 3665 pro-
662 3606 740 3669 poulo
758 3611 816 3667 post
834 3605 912 3653 etiam
922 3605 1016 3654 Siebaei
1028 3602 1145 3655 factumi
1155 3613 1195 3655 ert

93 3674 178 3738 prinus
196 3677 239 3736 sil,
256 3675 324 3740 quod
341 3677 499 3724 ‘mirantum
510 3683 551 3725 est
562 3677 642 3745 mol-¹
661 3682 937 3730 commemorationem.
971 3681 1075 3732 Samias.

91 3755 122 3803 lis
134 3752 236 3803 flamma
248 3754 389 3803 medullas!
422 3754 526 3803 Pierias.
696 3758 769 3804 Cere
784 3772 830 3805 sos
848 3758 900 3820 ipen
917 3758 943 3805 irs
960 3762 1034 3806 rsorte
1051 3757 1196 3822 relinquat]

126 3830 199 3894 Tabe]
228 3833 270 3880 De
288 3843 374 3878 amore
392 3844 495 3895 quoque
512 3831 624 3894 Proper·
661 3833 748 3881 Tanta
765 3832 815 3881 t'uit
830 3833 868 3882 vis
885 3835 989 3893 amoris,
1007 3840 1038 3882 ut
1055 3841 1116 3896 post
1132 3847 1196 3882 mor·

91 3906 143 3954 tius
154 3918 174 3955 ι.
188 3911 229 3956 lo.
244 3909 252 3934 ⁴
264 3907 410 3970 Hypsipyle
422 3907 504 3956 nullos
522 3913 581 3971 post
597 3908 626 3955 il·
663 3916 715 3958 tem
724 3911 757 3957 ab
768 3909 856 3957 iisdem
866 3910 934 3958 coris
943 3923 993 3958 non
1003 3909 1193 3961 desererentur.

90 3981 128 4031 loe
140 3985 219 4033 sensit
232 3999 340 4045 amores,
358 3983 394 4032 Ut
412 3986 491 4032 sernel
509 3984 625 4034 AErnooio
662 3986 779 4036 Βοιιιιιι.

91 4056 177 4107 tabuit
196 4059 326 4123 bospitio!
343 4068 373 4109 et
394 4073 437 4109 ιιι.
455 4064 480 4111 o.
502 4061 625 4110 ‘Gaudet
695 4064 766 4111 Cere
782 4077 828 4111 tros
843 4063 895 4126 ipso
912 4062 939 4111 ia
957 4068 1033 4112 morte
1049 4060 1194 4127 ratapant]

90 4145 131 4180 me
139 4146 219 4182 rseuo
231 4136 309 4185 solam
317 4135 453 4186 tabescere
462 4137 549 4187 lecto.'
566 4139 624 4188 Nee
661 4140 709 4187 Est
727 4139 784 4200 boe,
801 4139 870 4203 quod
892 4140 1046 4203 Propertius
1061 4154 1083 4189 ι.
1102 4144 1141 4190 19.
1161 4139 1193 4186 de

90 4220 142 4256 aon
154 4206 263 4258 Ovidius
274 4211 340 4260 Met.
359 4211 377 4259 l.
386 4224 430 4262 ιιι.
447 4226 506 4263 narn
517 4213 624 4278 loquens
650 4228 689 4271 ‚re
701 4215 768 4264 elia:
785 4214 913 4277 ‘'l'rajieit
923 4222 952 4264 et
967 4214 1018 4265 fati
1031 4217 1111 4267 litora
1127 4229 1193 4277 mag·
